,day,timestamp,product,bid_price_1,bid_volume_1,bid_price_2,bid_volume_2,bid_price_3,bid_volume_3,ask_price_1,ask_volume_1,ask_price_2,ask_volume_2,ask_price_3,ask_volume_3,mid_price,profit_and_loss,spread
1,0,0,STARFRUIT,5036,30,,,,,5043,30,,,,,5039.5,0.0,7
3,0,100,STARFRUIT,5041,4,5037.0,1.0,5036.0,30.0,5043,31,,,,,5042.0,0.0,2
5,0,200,STARFRUIT,5037,1,5036.0,21.0,,,5043,1,5044.0,21.0,,,5040.0,0.0,6
6,0,300,STARFRUIT,5037,25,,,,,5044,25,,,,,5040.5,0.0,7
9,0,400,STARFRUIT,5037,25,,,,,5042,6,5044.0,25.0,,,5039.5,0.0,5
11,0,500,STARFRUIT,5037,24,,,,,5044,24,,,,,5040.5,0.0,7
13,0,600,STARFRUIT,5037,26,,,,,5044,26,,,,,5040.5,0.0,7
14,0,700,STARFRUIT,5037,5,5036.0,27.0,,,5043,27,,,,,5040.0,0.0,6
17,0,800,STARFRUIT,5036,26,,,,,5043,26,,,,,5039.5,0.0,7
19,0,900,STARFRUIT,5036,29,,,,,5043,29,,,,,5039.5,0.0,7
21,0,1000,STARFRUIT,5037,2,5036.0,26.0,,,5043,28,,,,,5040.0,0.0,6
22,0,1100,STARFRUIT,5038,6,5037.0,25.0,,,5043,2,5044.0,23.0,,,5040.5,0.0,5
25,0,1200,STARFRUIT,5037,8,5036.0,30.0,,,5043,30,,,,,5040.0,0.0,6
27,0,1300,STARFRUIT,5036,28,,,,,5037,5,5042.0,1.0,5043.0,27.0,5036.5,0.0,1
29,0,1400,STARFRUIT,5036,25,,,,,5043,26,,,,,5039.5,0.0,7
30,0,1500,STARFRUIT,5041,1,5036.0,22.0,,,5043,22,,,,,5042.0,0.0,2
33,0,1600,STARFRUIT,5037,23,,,,,5043,1,5044.0,22.0,,,5040.0,0.0,6
35,0,1700,STARFRUIT,5036,27,,,,,5041,8,5043.0,27.0,,,5038.5,0.0,5
37,0,1800,STARFRUIT,5037,10,5036.0,25.0,,,5043,2,5044.0,25.0,,,5040.0,0.0,6
38,0,1900,STARFRUIT,5036,31,,,,,5043,31,,,,,5039.5,0.0,7
41,0,2000,STARFRUIT,5036,26,,,,,5037,7,5043.0,26.0,,,5036.5,0.0,1
43,0,2100,STARFRUIT,5036,23,,,,,5043,23,,,,,5039.5,0.0,7
45,0,2200,STARFRUIT,5036,32,,,,,5043,32,,,,,5039.5,0.0,7
46,0,2300,STARFRUIT,5037,24,,,,,5043,2,5044.0,22.0,,,5040.0,0.0,6
49,0,2400,STARFRUIT,5042,10,5037.0,25.0,,,5043,2,5044.0,23.0,,,5042.5,0.0,1
51,0,2500,STARFRUIT,5036,21,,,,,5043,21,,,,,5039.5,0.0,7
53,0,2600,STARFRUIT,5035,25,,,,,5042,25,,,,,5038.5,0.0,7
54,0,2700,STARFRUIT,5035,25,,,,,5040,3,5041.0,1.0,5042.0,24.0,5037.5,0.0,5
57,0,2800,STARFRUIT,5041,1,5035.0,29.0,,,5042,29,,,,,5041.5,0.0,1
59,0,2900,STARFRUIT,5035,25,,,,,5042,25,,,,,5038.5,0.0,7
61,0,3000,STARFRUIT,5035,2,5034.0,29.0,,,5041,31,,,,,5038.0,0.0,6
62,0,3100,STARFRUIT,5035,1,5034.0,26.0,,,5041,28,,,,,5038.0,0.0,6
64,0,3200,STARFRUIT,5035,32,,,,,5041,2,5042.0,30.0,,,5038.0,0.0,6
67,0,3300,STARFRUIT,5034,28,,,,,5041,28,,,,,5037.5,0.0,7
68,0,3400,STARFRUIT,5034,29,,,,,5041,29,,,,,5037.5,0.0,7
70,0,3500,STARFRUIT,5034,30,,,,,5041,30,,,,,5037.5,0.0,7
72,0,3600,STARFRUIT,5035,2,5034.0,21.0,,,5041,21,,,,,5038.0,0.0,6
75,0,3700,STARFRUIT,5035,2,5034.0,29.0,,,5037,4,5041.0,31.0,,,5036.0,0.0,2
76,0,3800,STARFRUIT,5034,30,,,,,5039,2,5041.0,30.0,,,5036.5,0.0,5
78,0,3900,STARFRUIT,5034,25,,,,,5041,25,,,,,5037.5,0.0,7
80,0,4000,STARFRUIT,5035,5,5034.0,29.0,,,5041,29,,,,,5038.0,0.0,6
83,0,4100,STARFRUIT,5035,8,5034.0,23.0,,,5041,24,,,,,5038.0,0.0,6
84,0,4200,STARFRUIT,5035,3,5034.0,28.0,,,5041,28,,,,,5038.0,0.0,6
86,0,4300,STARFRUIT,5035,2,5034.0,29.0,,,5041,31,,,,,5038.0,0.0,6
88,0,4400,STARFRUIT,5036,7,5035.0,27.0,,,5042,27,,,,,5039.0,0.0,6
91,0,4500,STARFRUIT,5036,5,5035.0,27.0,,,5042,27,,,,,5039.0,0.0,6
92,0,4600,STARFRUIT,5035,22,,,,,5041,1,5042.0,21.0,,,5038.0,0.0,6
94,0,4700,STARFRUIT,5034,27,,,,,5039,1,5041.0,27.0,,,5036.5,0.0,5
96,0,4800,STARFRUIT,5034,25,,,,,5039,3,5041.0,25.0,,,5036.5,0.0,5
99,0,4900,STARFRUIT,5033,22,,,,,5040,22,,,,,5036.5,0.0,7
100,0,5000,STARFRUIT,5033,1,5032.0,22.0,,,5037,1,5039.0,23.0,,,5035.0,0.0,4
102,0,5100,STARFRUIT,5038,1,5032.0,25.0,,,5039,25,,,,,5038.5,0.0,1
104,0,5200,STARFRUIT,5033,2,5032.0,22.0,,,5039,24,,,,,5036.0,0.0,6
107,0,5300,STARFRUIT,5032,25,,,,,5039,25,,,,,5035.5,0.0,7
108,0,5400,STARFRUIT,5032,27,,,,,5035,6,5039.0,27.0,,,5033.5,0.0,3
111,0,5500,STARFRUIT,5033,6,5032.0,30.0,,,5039,30,,,,,5036.0,0.0,6
113,0,5600,STARFRUIT,5036,2,5032.0,27.0,,,5038,1,5039.0,26.0,,,5037.0,0.0,2
115,0,5700,STARFRUIT,5031,25,,,,,5036,5,5038.0,25.0,,,5033.5,0.0,5
116,0,5800,STARFRUIT,5037,1,5031.0,24.0,,,5038,24,,,,,5037.5,0.0,1
119,0,5900,STARFRUIT,5034,5,5032.0,4.0,5031.0,21.0,5038,21,,,,,5036.0,0.0,4
121,0,6000,STARFRUIT,5031,24,,,,,5038,24,,,,,5034.5,0.0,7
123,0,6100,STARFRUIT,5031,25,,,,,5034,5,5037.0,1.0,5038.0,24.0,5032.5,0.0,3
124,0,6200,STARFRUIT,5031,30,,,,,5038,30,,,,,5034.5,0.0,7
127,0,6300,STARFRUIT,5030,25,,,,,5031,1,5037.0,25.0,,,5030.5,0.0,1
129,0,6400,STARFRUIT,5033,4,5030.0,23.0,,,5037,23,,,,,5035.0,0.0,4
131,0,6500,STARFRUIT,5034,3,5029.0,20.0,,,5036,20,,,,,5035.0,0.0,2
132,0,6600,STARFRUIT,5030,27,,,,,5036,1,5037.0,26.0,,,5033.0,0.0,6
135,0,6700,STARFRUIT,5030,7,5029.0,26.0,,,5036,28,,,,,5033.0,0.0,6
137,0,6800,STARFRUIT,5030,24,,,,,5037,24,,,,,5033.5,0.0,7
139,0,6900,STARFRUIT,5030,28,,,,,5035,4,5037.0,28.0,,,5032.5,0.0,5
140,0,7000,STARFRUIT,5032,6,5030.0,2.0,5029.0,27.0,5036,29,,,,,5034.0,0.0,4
143,0,7100,STARFRUIT,5030,1,5029.0,29.0,,,5036,30,,,,,5033.0,0.0,6
145,0,7200,STARFRUIT,5030,23,,,,,5036,2,5037.0,21.0,,,5033.0,0.0,6
147,0,7300,STARFRUIT,5030,25,,,,,5036,2,5037.0,23.0,,,5033.0,0.0,6
148,0,7400,STARFRUIT,5030,30,,,,,5035,6,5036.0,2.0,5037.0,28.0,5032.5,0.0,5
151,0,7500,STARFRUIT,5030,29,,,,,5037,29,,,,,5033.5,0.0,7
153,0,7600,STARFRUIT,5031,26,,,,,5038,26,,,,,5034.5,0.0,7
154,0,7700,STARFRUIT,5030,28,,,,,5035,5,5037.0,28.0,,,5032.5,0.0,5
157,0,7800,STARFRUIT,5036,1,5030.0,23.0,,,5037,23,,,,,5036.5,0.0,1
159,0,7900,STARFRUIT,5035,1,5030.0,26.0,,,5037,26,,,,,5036.0,0.0,2
161,0,8000,STARFRUIT,5031,6,5030.0,22.0,,,5037,23,,,,,5034.0,0.0,6
162,0,8100,STARFRUIT,5031,5,5030.0,22.0,,,5037,22,,,,,5034.0,0.0,6
165,0,8200,STARFRUIT,5030,20,,,,,5035,8,5037.0,20.0,,,5032.5,0.0,5
167,0,8300,STARFRUIT,5031,1,5030.0,26.0,,,5037,27,,,,,5034.0,0.0,6
169,0,8400,STARFRUIT,5032,8,5031.0,26.0,,,5038,26,,,,,5035.0,0.0,6
170,0,8500,STARFRUIT,5031,30,,,,,5038,30,,,,,5034.5,0.0,7
173,0,8600,STARFRUIT,5031,23,,,,,5036,4,5037.0,1.0,5038.0,22.0,5033.5,0.0,5
175,0,8700,STARFRUIT,5030,30,,,,,5035,6,5037.0,30.0,,,5032.5,0.0,5
177,0,8800,STARFRUIT,5031,1,5030.0,23.0,,,5037,23,,,,,5034.0,0.0,6
178,0,8900,STARFRUIT,5030,27,,,,,5037,27,,,,,5033.5,0.0,7
181,0,9000,STARFRUIT,5030,23,,,,,5037,23,,,,,5033.5,0.0,7
183,0,9100,STARFRUIT,5030,1,5029.0,30.0,,,5036,31,,,,,5033.0,0.0,6
185,0,9200,STARFRUIT,5029,24,,,,,5034,7,5036.0,24.0,,,5031.5,0.0,5
186,0,9300,STARFRUIT,5034,4,5030.0,5.0,5029.0,23.0,5036,23,,,,,5035.0,0.0,2
189,0,9400,STARFRUIT,5030,24,,,,,5036,2,5037.0,22.0,,,5033.0,0.0,6
191,0,9500,STARFRUIT,5030,1,5029.0,28.0,,,5034,4,5036.0,29.0,,,5032.0,0.0,4
193,0,9600,STARFRUIT,5029,20,,,,,5030,6,5036.0,20.0,,,5029.5,0.0,1
194,0,9700,STARFRUIT,5029,25,,,,,5036,25,,,,,5032.5,0.0,7
197,0,9800,STARFRUIT,5029,21,,,,,5036,21,,,,,5032.5,0.0,7
199,0,9900,STARFRUIT,5029,22,,,,,5036,22,,,,,5032.5,0.0,7
201,0,10000,STARFRUIT,5029,31,,,,,5036,31,,,,,5032.5,0.0,7
202,0,10100,STARFRUIT,5033,4,5028.0,22.0,,,5035,22,,,,,5034.0,0.0,2
205,0,10200,STARFRUIT,5028,25,,,,,5035,25,,,,,5031.5,0.0,7
207,0,10300,STARFRUIT,5029,22,,,,,5035,2,5036.0,20.0,,,5032.0,0.0,6
209,0,10400,STARFRUIT,5029,30,,,,,5034,5,5036.0,30.0,,,5031.5,0.0,5
210,0,10500,STARFRUIT,5030,1,5029.0,27.0,,,5036,1,5037.0,27.0,,,5033.0,0.0,6
213,0,10600,STARFRUIT,5029,23,,,,,5034,3,5036.0,23.0,,,5031.5,0.0,5
215,0,10700,STARFRUIT,5029,23,,,,,5036,23,,,,,5032.5,0.0,7
217,0,10800,STARFRUIT,5029,22,,,,,5036,23,,,,,5032.5,0.0,7
218,0,10900,STARFRUIT,5029,1,5028.0,29.0,,,5035,30,,,,,5032.0,0.0,6
221,0,11000,STARFRUIT,5028,30,,,,,5035,30,,,,,5031.5,0.0,7
223,0,11100,STARFRUIT,5028,31,,,,,5034,2,5035.0,29.0,,,5031.0,0.0,6
225,0,11200,STARFRUIT,5028,1,5027.0,28.0,,,5034,29,,,,,5031.0,0.0,6
226,0,11300,STARFRUIT,5027,27,,,,,5034,27,,,,,5030.5,0.0,7
229,0,11400,STARFRUIT,5027,24,,,,,5034,24,,,,,5030.5,0.0,7
231,0,11500,STARFRUIT,5028,7,5027.0,29.0,,,5034,29,,,,,5031.0,0.0,6
233,0,11600,STARFRUIT,5027,26,,,,,5032,6,5034.0,26.0,,,5029.5,0.0,5
234,0,11700,STARFRUIT,5027,1,5026.0,21.0,,,5033,22,,,,,5030.0,0.0,6
237,0,11800,STARFRUIT,5026,21,,,,,5033,21,,,,,5029.5,0.0,7
239,0,11900,STARFRUIT,5025,25,,,,,5032,25,,,,,5028.5,0.0,7
240,0,12000,STARFRUIT,5025,25,,,,,5032,25,,,,,5028.5,0.0,7
242,0,12100,STARFRUIT,5026,2,5025.0,20.0,,,5032,22,,,,,5029.0,0.0,6
244,0,12200,STARFRUIT,5025,28,,,,,5032,28,,,,,5028.5,0.0,7
247,0,12300,STARFRUIT,5026,5,5025.0,23.0,,,5028,6,5032.0,24.0,,,5027.0,0.0,2
248,0,12400,STARFRUIT,5026,30,,,,,5032,1,5033.0,29.0,,,5029.0,0.0,6
250,0,12500,STARFRUIT,5026,31,,,,,5031,8,5033.0,31.0,,,5028.5,0.0,5
252,0,12600,STARFRUIT,5026,31,,,,,5033,31,,,,,5029.5,0.0,7
255,0,12700,STARFRUIT,5027,31,,,,,5034,31,,,,,5030.5,0.0,7
256,0,12800,STARFRUIT,5027,31,,,,,5032,3,5034.0,31.0,,,5029.5,0.0,5
258,0,12900,STARFRUIT,5027,24,,,,,5032,4,5034.0,24.0,,,5029.5,0.0,5
260,0,13000,STARFRUIT,5027,27,,,,,5034,27,,,,,5030.5,0.0,7
263,0,13100,STARFRUIT,5032,2,5029.0,7.0,5028.0,30.0,5034,2,5035.0,28.0,,,5033.0,0.0,2
264,0,13200,STARFRUIT,5028,28,,,,,5033,3,5035.0,28.0,,,5030.5,0.0,5
266,0,13300,STARFRUIT,5028,28,,,,,5033,6,5035.0,28.0,,,5030.5,0.0,5
268,0,13400,STARFRUIT,5029,8,5028.0,26.0,,,5035,26,,,,,5032.0,0.0,6
271,0,13500,STARFRUIT,5029,5,5028.0,30.0,,,5035,30,,,,,5032.0,0.0,6
272,0,13600,STARFRUIT,5033,5,5028.0,25.0,,,5035,25,,,,,5034.0,0.0,2
274,0,13700,STARFRUIT,5031,3,5029.0,2.0,5028.0,28.0,5035,30,,,,,5033.0,0.0,4
276,0,13800,STARFRUIT,5029,1,5028.0,24.0,,,5035,25,,,,,5032.0,0.0,6
279,0,13900,STARFRUIT,5029,20,,,,,5036,20,,,,,5032.5,0.0,7
280,0,14000,STARFRUIT,5035,1,5030.0,1.0,5029.0,26.0,5036,27,,,,,5035.5,0.0,1
282,0,14100,STARFRUIT,5032,3,5029.0,24.0,,,5036,24,,,,,5034.0,0.0,4
284,0,14200,STARFRUIT,5029,24,,,,,5036,24,,,,,5032.5,0.0,7
287,0,14300,STARFRUIT,5029,1,5028.0,28.0,,,5035,30,,,,,5032.0,0.0,6
288,0,14400,STARFRUIT,5029,23,,,,,5034,4,5036.0,23.0,,,5031.5,0.0,5
291,0,14500,STARFRUIT,5029,22,,,,,5032,2,5034.0,1.0,5036.0,23.0,5030.5,0.0,3
293,0,14600,STARFRUIT,5028,21,,,,,5036,21,,,,,5032.0,0.0,8
295,0,14700,STARFRUIT,5029,26,,,,,5035,2,5036.0,24.0,,,5032.0,0.0,6
296,0,14800,STARFRUIT,5029,1,5028.0,21.0,,,5033,5,5035.0,23.0,,,5031.0,0.0,4
299,0,14900,STARFRUIT,5028,30,,,,,5035,30,,,,,5031.5,0.0,7
301,0,15000,STARFRUIT,5028,22,,,,,5035,23,,,,,5031.5,0.0,7
303,0,15100,STARFRUIT,5033,1,5028.0,26.0,,,5035,26,,,,,5034.0,0.0,2
304,0,15200,STARFRUIT,5029,1,5028.0,25.0,,,5031,4,5035.0,25.0,,,5030.0,0.0,2
307,0,15300,STARFRUIT,5028,6,5027.0,22.0,,,5034,2,5035.0,22.0,,,5031.0,0.0,6
309,0,15400,STARFRUIT,5028,2,5027.0,24.0,,,5032,3,5034.0,26.0,,,5030.0,0.0,4
311,0,15500,STARFRUIT,5028,20,,,,,5033,5,5035.0,20.0,,,5030.5,0.0,5
312,0,15600,STARFRUIT,5029,8,5028.0,24.0,,,5034,1,5035.0,23.0,,,5031.5,0.0,5
315,0,15700,STARFRUIT,5028,22,,,,,5034,2,5035.0,20.0,,,5031.0,0.0,6
317,0,15800,STARFRUIT,5028,26,,,,,5033,3,5035.0,26.0,,,5030.5,0.0,5
319,0,15900,STARFRUIT,5028,27,,,,,5035,27,,,,,5031.5,0.0,7
320,0,16000,STARFRUIT,5030,8,5029.0,27.0,,,5036,27,,,,,5033.0,0.0,6
323,0,16100,STARFRUIT,5029,29,,,,,5036,29,,,,,5032.5,0.0,7
325,0,16200,STARFRUIT,5033,4,5029.0,21.0,,,5034,3,5036.0,21.0,,,5033.5,0.0,1
327,0,16300,STARFRUIT,5029,31,,,,,5034,2,5036.0,31.0,,,5031.5,0.0,5
329,0,16400,STARFRUIT,5028,24,,,,,5030,4,5035.0,24.0,,,5029.0,0.0,2
331,0,16500,STARFRUIT,5028,27,,,,,5033,6,5034.0,2.0,5035.0,25.0,5030.5,0.0,5
333,0,16600,STARFRUIT,5028,25,,,,,5034,2,5035.0,23.0,,,5031.0,0.0,6
334,0,16700,STARFRUIT,5028,23,,,,,5035,24,,,,,5031.5,0.0,7
337,0,16800,STARFRUIT,5028,32,,,,,5035,32,,,,,5031.5,0.0,7
339,0,16900,STARFRUIT,5029,6,5028.0,24.0,,,5035,24,,,,,5032.0,0.0,6
341,0,17000,STARFRUIT,5028,23,,,,,5035,23,,,,,5031.5,0.0,7
342,0,17100,STARFRUIT,5027,30,,,,,5034,31,,,,,5030.5,0.0,7
345,0,17200,STARFRUIT,5027,26,,,,,5034,26,,,,,5030.5,0.0,7
347,0,17300,STARFRUIT,5026,28,,,,,5031,2,5033.0,28.0,,,5028.5,0.0,5
349,0,17400,STARFRUIT,5026,5,5025.0,24.0,,,5032,25,,,,,5029.0,0.0,6
350,0,17500,STARFRUIT,5026,24,,,,,5033,24,,,,,5029.5,0.0,7
353,0,17600,STARFRUIT,5026,27,,,,,5033,27,,,,,5029.5,0.0,7
355,0,17700,STARFRUIT,5026,24,,,,,5033,24,,,,,5029.5,0.0,7
357,0,17800,STARFRUIT,5026,23,,,,,5033,23,,,,,5029.5,0.0,7
358,0,17900,STARFRUIT,5026,30,,,,,5033,30,,,,,5029.5,0.0,7
361,0,18000,STARFRUIT,5030,5,5026.0,28.0,,,5033,28,,,,,5031.5,0.0,3
363,0,18100,STARFRUIT,5026,21,,,,,5033,21,,,,,5029.5,0.0,7
365,0,18200,STARFRUIT,5032,1,5028.0,1.0,5027.0,24.0,5033,1,5034.0,23.0,,,5032.5,0.0,1
366,0,18300,STARFRUIT,5028,2,5027.0,29.0,,,5033,2,5034.0,27.0,,,5030.5,0.0,5
369,0,18400,STARFRUIT,5027,30,,,,,5032,3,5033.0,1.0,5034.0,29.0,5029.5,0.0,5
371,0,18500,STARFRUIT,5027,32,,,,,5034,32,,,,,5030.5,0.0,7
373,0,18600,STARFRUIT,5028,31,,,,,5033,7,5035.0,31.0,,,5030.5,0.0,5
374,0,18700,STARFRUIT,5029,2,5028.0,25.0,,,5033,3,5035.0,27.0,,,5031.0,0.0,4
377,0,18800,STARFRUIT,5028,24,,,,,5033,8,5035.0,24.0,,,5030.5,0.0,5
379,0,18900,STARFRUIT,5030,4,5029.0,28.0,,,5036,28,,,,,5033.0,0.0,6
381,0,19000,STARFRUIT,5034,5,5029.0,25.0,,,5036,25,,,,,5035.0,0.0,2
382,0,19100,STARFRUIT,5030,1,5029.0,28.0,,,5032,5,5034.0,7.0,5036.0,29.0,5031.0,0.0,2
385,0,19200,STARFRUIT,5030,29,,,,,5037,29,,,,,5033.5,0.0,7
387,0,19300,STARFRUIT,5032,5,5031.0,30.0,,,5038,32,,,,,5035.0,0.0,6
389,0,19400,STARFRUIT,5033,4,5032.0,21.0,,,5038,1,5039.0,20.0,,,5035.5,0.0,5
390,0,19500,STARFRUIT,5032,3,5031.0,20.0,,,5038,22,,,,,5035.0,0.0,6
393,0,19600,STARFRUIT,5032,31,,,,,5038,2,5039.0,29.0,,,5035.0,0.0,6
395,0,19700,STARFRUIT,5032,25,,,,,5039,25,,,,,5035.5,0.0,7
397,0,19800,STARFRUIT,5032,20,,,,,5039,20,,,,,5035.5,0.0,7
398,0,19900,STARFRUIT,5033,1,5032.0,27.0,,,5039,28,,,,,5036.0,0.0,6
401,0,20000,STARFRUIT,5032,29,,,,,5039,29,,,,,5035.5,0.0,7
403,0,20100,STARFRUIT,5033,31,,,,,5039,2,5040.0,29.0,,,5036.0,0.0,6
405,0,20200,STARFRUIT,5032,29,,,,,5039,29,,,,,5035.5,0.0,7
406,0,20300,STARFRUIT,5033,2,5032.0,21.0,,,5039,23,,,,,5036.0,0.0,6
409,0,20400,STARFRUIT,5032,24,,,,,5039,24,,,,,5035.5,0.0,7
411,0,20500,STARFRUIT,5037,10,5032.0,30.0,,,5039,30,,,,,5038.0,0.0,2
413,0,20600,STARFRUIT,5033,23,,,,,5040,23,,,,,5036.5,0.0,7
414,0,20700,STARFRUIT,5034,1,5033.0,30.0,,,5040,1,5041.0,30.0,,,5037.0,0.0,6
417,0,20800,STARFRUIT,5039,1,5034.0,25.0,,,5040,2,5041.0,23.0,,,5039.5,0.0,1
419,0,20900,STARFRUIT,5034,24,,,,,5041,24,,,,,5037.5,0.0,7
420,0,21000,STARFRUIT,5034,27,,,,,5041,27,,,,,5037.5,0.0,7
422,0,21100,STARFRUIT,5034,30,,,,,5041,30,,,,,5037.5,0.0,7
424,0,21200,STARFRUIT,5034,23,,,,,5041,23,,,,,5037.5,0.0,7
427,0,21300,STARFRUIT,5034,29,,,,,5035,1,5040.0,5.0,5042.0,29.0,5034.5,0.0,1
428,0,21400,STARFRUIT,5034,30,,,,,5041,30,,,,,5037.5,0.0,7
430,0,21500,STARFRUIT,5035,2,5034.0,22.0,,,5039,5,5041.0,24.0,,,5037.0,0.0,4
432,0,21600,STARFRUIT,5035,28,,,,,5042,29,,,,,5038.5,0.0,7
435,0,21700,STARFRUIT,5035,1,5034.0,30.0,,,5041,1,5042.0,30.0,,,5038.0,0.0,6
436,0,21800,STARFRUIT,5035,29,,,,,5036,1,5042.0,29.0,,,5035.5,0.0,1
438,0,21900,STARFRUIT,5036,1,5035.0,30.0,,,5042,30,,,,,5039.0,0.0,6
440,0,22000,STARFRUIT,5036,4,5035.0,24.0,,,5038,2,5042.0,24.0,,,5037.0,0.0,2
443,0,22100,STARFRUIT,5035,24,,,,,5042,25,,,,,5038.5,0.0,7
444,0,22200,STARFRUIT,5036,1,5035.0,27.0,,,5040,6,5042.0,28.0,,,5038.0,0.0,4
446,0,22300,STARFRUIT,5036,30,,,,,5043,30,,,,,5039.5,0.0,7
448,0,22400,STARFRUIT,5036,26,,,,,5043,26,,,,,5039.5,0.0,7
451,0,22500,STARFRUIT,5036,27,,,,,5043,27,,,,,5039.5,0.0,7
452,0,22600,STARFRUIT,5036,27,,,,,5043,27,,,,,5039.5,0.0,7
454,0,22700,STARFRUIT,5036,28,,,,,5043,28,,,,,5039.5,0.0,7
456,0,22800,STARFRUIT,5036,30,,,,,5043,30,,,,,5039.5,0.0,7
459,0,22900,STARFRUIT,5036,26,,,,,5043,26,,,,,5039.5,0.0,7
460,0,23000,STARFRUIT,5037,2,5036.0,24.0,,,5043,26,,,,,5040.0,0.0,6
462,0,23100,STARFRUIT,5037,24,,,,,5043,1,5044.0,23.0,,,5040.0,0.0,6
465,0,23200,STARFRUIT,5036,26,,,,,5043,26,,,,,5039.5,0.0,7
467,0,23300,STARFRUIT,5036,22,,,,,5041,1,5044.0,22.0,,,5038.5,0.0,5
468,0,23400,STARFRUIT,5036,21,,,,,5044,21,,,,,5040.0,0.0,8
471,0,23500,STARFRUIT,5037,28,,,,,5044,28,,,,,5040.5,0.0,7
473,0,23600,STARFRUIT,5036,21,,,,,5041,2,5043.0,21.0,,,5038.5,0.0,5
475,0,23700,STARFRUIT,5037,24,,,,,5044,24,,,,,5040.5,0.0,7
476,0,23800,STARFRUIT,5037,23,,,,,5043,2,5044.0,21.0,,,5040.0,0.0,6
479,0,23900,STARFRUIT,5042,1,5037.0,20.0,,,5044,20,,,,,5043.0,0.0,2
481,0,24000,STARFRUIT,5037,23,,,,,5044,23,,,,,5040.5,0.0,7
483,0,24100,STARFRUIT,5037,26,,,,,5042,5,5044.0,26.0,,,5039.5,0.0,5
484,0,24200,STARFRUIT,5043,1,5038.0,27.0,,,5044,2,5045.0,25.0,,,5043.5,0.0,1
487,0,24300,STARFRUIT,5038,23,,,,,5044,2,5045.0,21.0,,,5041.0,0.0,6
489,0,24400,STARFRUIT,5037,25,,,,,5044,25,,,,,5040.5,0.0,7
491,0,24500,STARFRUIT,5038,2,5037.0,21.0,,,5044,21,,,,,5041.0,0.0,6
492,0,24600,STARFRUIT,5038,1,5037.0,26.0,,,5044,27,,,,,5041.0,0.0,6
495,0,24700,STARFRUIT,5037,22,,,,,5044,22,,,,,5040.5,0.0,7
497,0,24800,STARFRUIT,5037,28,,,,,5044,28,,,,,5040.5,0.0,7
499,0,24900,STARFRUIT,5037,30,,,,,5042,1,5044.0,30.0,,,5039.5,0.0,5
500,0,25000,STARFRUIT,5038,8,5037.0,27.0,,,5043,1,5044.0,26.0,,,5040.5,0.0,5
503,0,25100,STARFRUIT,5036,23,,,,,5043,23,,,,,5039.5,0.0,7
505,0,25200,STARFRUIT,5036,26,,,,,5037,1,5043.0,26.0,,,5036.5,0.0,1
506,0,25300,STARFRUIT,5036,26,,,,,5042,2,5043.0,24.0,,,5039.0,0.0,6
509,0,25400,STARFRUIT,5035,32,,,,,5042,32,,,,,5038.5,0.0,7
511,0,25500,STARFRUIT,5036,2,5035.0,23.0,,,5040,1,5042.0,25.0,,,5038.0,0.0,4
513,0,25600,STARFRUIT,5041,1,5035.0,31.0,,,5042,31,,,,,5041.5,0.0,1
514,0,25700,STARFRUIT,5036,1,5035.0,22.0,,,5041,4,5042.0,1.0,5043.0,22.0,5038.5,0.0,5
517,0,25800,STARFRUIT,5041,2,5037.0,28.0,,,5043,1,5044.0,27.0,,,5042.0,0.0,2
519,0,25900,STARFRUIT,5037,28,,,,,5042,3,5044.0,28.0,,,5039.5,0.0,5
521,0,26000,STARFRUIT,5037,24,,,,,5044,24,,,,,5040.5,0.0,7
522,0,26100,STARFRUIT,5037,25,,,,,5044,25,,,,,5040.5,0.0,7
525,0,26200,STARFRUIT,5037,26,,,,,5043,1,5044.0,25.0,,,5040.0,0.0,6
527,0,26300,STARFRUIT,5038,2,5037.0,24.0,,,5044,24,,,,,5041.0,0.0,6
529,0,26400,STARFRUIT,5037,29,,,,,5038,1,5044.0,29.0,,,5037.5,0.0,1
530,0,26500,STARFRUIT,5043,1,5039.0,2.0,5038.0,24.0,5044,1,5045.0,23.0,,,5043.5,0.0,1
533,0,26600,STARFRUIT,5037,22,,,,,5044,22,,,,,5040.5,0.0,7
535,0,26700,STARFRUIT,5037,24,,,,,5040,4,5044.0,24.0,,,5038.5,0.0,3
537,0,26800,STARFRUIT,5037,24,,,,,5044,24,,,,,5040.5,0.0,7
538,0,26900,STARFRUIT,5037,27,,,,,5044,27,,,,,5040.5,0.0,7
541,0,27000,STARFRUIT,5037,31,,,,,5044,31,,,,,5040.5,0.0,7
543,0,27100,STARFRUIT,5037,24,,,,,5044,24,,,,,5040.5,0.0,7
545,0,27200,STARFRUIT,5037,31,,,,,5043,2,5044.0,29.0,,,5040.0,0.0,6
546,0,27300,STARFRUIT,5040,5,5038.0,8.0,5037.0,25.0,5044,27,,,,,5042.0,0.0,4
549,0,27400,STARFRUIT,5039,3,5038.0,24.0,,,5040,5,5045.0,25.0,,,5039.5,0.0,1
551,0,27500,STARFRUIT,5038,26,,,,,5045,26,,,,,5041.5,0.0,7
553,0,27600,STARFRUIT,5038,23,,,,,5045,23,,,,,5041.5,0.0,7
554,0,27700,STARFRUIT,5042,3,5038.0,26.0,,,5045,26,,,,,5043.5,0.0,3
557,0,27800,STARFRUIT,5038,28,,,,,5045,28,,,,,5041.5,0.0,7
559,0,27900,STARFRUIT,5039,7,5038.0,26.0,,,5045,26,,,,,5042.0,0.0,6
561,0,28000,STARFRUIT,5038,24,,,,,5045,24,,,,,5041.5,0.0,7
562,0,28100,STARFRUIT,5039,22,,,,,5040,2,5046.0,22.0,,,5039.5,0.0,1
565,0,28200,STARFRUIT,5039,30,,,,,5046,30,,,,,5042.5,0.0,7
567,0,28300,STARFRUIT,5039,24,,,,,5044,7,5045.0,1.0,5046.0,23.0,5041.5,0.0,5
569,0,28400,STARFRUIT,5039,21,,,,,5046,21,,,,,5042.5,0.0,7
570,0,28500,STARFRUIT,5044,1,5039.0,1.0,5038.0,30.0,5045,31,,,,,5044.5,0.0,1
573,0,28600,STARFRUIT,5039,30,,,,,5044,7,5045.0,2.0,5046.0,29.0,5041.5,0.0,5
575,0,28700,STARFRUIT,5040,8,5039.0,25.0,,,5045,1,5046.0,24.0,,,5042.5,0.0,5
577,0,28800,STARFRUIT,5039,2,5038.0,20.0,,,5045,2,5046.0,20.0,,,5042.0,0.0,6
578,0,28900,STARFRUIT,5040,3,5039.0,22.0,,,5046,22,,,,,5043.0,0.0,6
581,0,29000,STARFRUIT,5039,24,,,,,5046,24,,,,,5042.5,0.0,7
583,0,29100,STARFRUIT,5039,31,,,,,5044,6,5045.0,2.0,5046.0,29.0,5041.5,0.0,5
585,0,29200,STARFRUIT,5039,20,,,,,5044,2,5046.0,20.0,,,5041.5,0.0,5
586,0,29300,STARFRUIT,5040,24,,,,,5047,25,,,,,5043.5,0.0,7
589,0,29400,STARFRUIT,5039,24,,,,,5046,24,,,,,5042.5,0.0,7
591,0,29500,STARFRUIT,5040,7,5039.0,22.0,,,5046,24,,,,,5043.0,0.0,6
593,0,29600,STARFRUIT,5039,20,,,,,5046,20,,,,,5042.5,0.0,7
594,0,29700,STARFRUIT,5040,27,,,,,5046,1,5047.0,26.0,,,5043.0,0.0,6
596,0,29800,STARFRUIT,5040,1,5039.0,29.0,,,5046,1,5047.0,29.0,,,5043.0,0.0,6
599,0,29900,STARFRUIT,5040,27,,,,,5043,6,5047.0,27.0,,,5041.5,0.0,3
600,0,30000,STARFRUIT,5046,1,5041.0,1.0,5040.0,20.0,5047,21,,,,,5046.5,0.0,1
602,0,30100,STARFRUIT,5040,22,,,,,5045,1,5047.0,22.0,,,5042.5,0.0,5
604,0,30200,STARFRUIT,5041,24,,,,,5048,24,,,,,5044.5,0.0,7
607,0,30300,STARFRUIT,5041,30,,,,,5046,2,5047.0,2.0,5048.0,28.0,5043.5,0.0,5
608,0,30400,STARFRUIT,5040,23,,,,,5047,23,,,,,5043.5,0.0,7
610,0,30500,STARFRUIT,5040,1,5039.0,28.0,,,5044,7,5046.0,29.0,,,5042.0,0.0,4
612,0,30600,STARFRUIT,5040,30,,,,,5045,8,5047.0,30.0,,,5042.5,0.0,5
615,0,30700,STARFRUIT,5039,23,,,,,5040,1,5046.0,23.0,,,5039.5,0.0,1
616,0,30800,STARFRUIT,5039,3,5038.0,29.0,,,5045,29,,,,,5042.0,0.0,6
618,0,30900,STARFRUIT,5039,6,5038.0,23.0,,,5045,23,,,,,5042.0,0.0,6
620,0,31000,STARFRUIT,5038,20,,,,,5045,20,,,,,5041.5,0.0,7
623,0,31100,STARFRUIT,5038,22,,,,,5045,22,,,,,5041.5,0.0,7
624,0,31200,STARFRUIT,5038,1,5037.0,27.0,,,5044,29,,,,,5041.0,0.0,6
626,0,31300,STARFRUIT,5038,30,,,,,5043,7,5045.0,30.0,,,5040.5,0.0,5
628,0,31400,STARFRUIT,5039,5,5038.0,32.0,,,5045,32,,,,,5042.0,0.0,6
631,0,31500,STARFRUIT,5038,22,,,,,5043,1,5045.0,23.0,,,5040.5,0.0,5
632,0,31600,STARFRUIT,5039,32,,,,,5046,32,,,,,5042.5,0.0,7
634,0,31700,STARFRUIT,5038,29,,,,,5045,29,,,,,5041.5,0.0,7
636,0,31800,STARFRUIT,5038,21,,,,,5045,21,,,,,5041.5,0.0,7
639,0,31900,STARFRUIT,5038,29,,,,,5045,29,,,,,5041.5,0.0,7
640,0,32000,STARFRUIT,5038,30,,,,,5041,4,5043.0,8.0,5045.0,30.0,5039.5,0.0,3
643,0,32100,STARFRUIT,5038,1,5037.0,30.0,,,5042,6,5044.0,31.0,,,5040.0,0.0,4
645,0,32200,STARFRUIT,5043,1,5037.0,26.0,,,5044,26,,,,,5043.5,0.0,1
647,0,32300,STARFRUIT,5038,1,5037.0,25.0,,,5044,26,,,,,5041.0,0.0,6
648,0,32400,STARFRUIT,5037,29,,,,,5038,1,5044.0,29.0,,,5037.5,0.0,1
651,0,32500,STARFRUIT,5042,1,5037.0,25.0,,,5043,2,5044.0,23.0,,,5042.5,0.0,1
653,0,32600,STARFRUIT,5037,30,,,,,5042,8,5044.0,30.0,,,5039.5,0.0,5
655,0,32700,STARFRUIT,5038,27,,,,,5044,1,5045.0,26.0,,,5041.0,0.0,6
656,0,32800,STARFRUIT,5038,23,,,,,5039,5,5043.0,3.0,5045.0,23.0,5038.5,0.0,1
659,0,32900,STARFRUIT,5038,1,5037.0,23.0,,,5042,6,5044.0,24.0,,,5040.0,0.0,4
661,0,33000,STARFRUIT,5038,1,5037.0,27.0,,,5042,6,5044.0,28.0,,,5040.0,0.0,4
663,0,33100,STARFRUIT,5037,24,,,,,5042,2,5044.0,24.0,,,5039.5,0.0,5
664,0,33200,STARFRUIT,5039,6,5038.0,25.0,,,5045,25,,,,,5042.0,0.0,6
667,0,33300,STARFRUIT,5038,26,,,,,5045,26,,,,,5041.5,0.0,7
669,0,33400,STARFRUIT,5037,27,,,,,5042,6,5044.0,27.0,,,5039.5,0.0,5
671,0,33500,STARFRUIT,5037,25,,,,,5042,8,5044.0,25.0,,,5039.5,0.0,5
672,0,33600,STARFRUIT,5037,26,,,,,5044,27,,,,,5040.5,0.0,7
675,0,33700,STARFRUIT,5037,6,5036.0,22.0,,,5043,23,,,,,5040.0,0.0,6
677,0,33800,STARFRUIT,5036,26,,,,,5043,26,,,,,5039.5,0.0,7
679,0,33900,STARFRUIT,5036,8,5035.0,24.0,,,5042,24,,,,,5039.0,0.0,6
680,0,34000,STARFRUIT,5036,7,5035.0,24.0,,,5042,25,,,,,5039.0,0.0,6
683,0,34100,STARFRUIT,5036,1,5035.0,26.0,,,5042,27,,,,,5039.0,0.0,6
685,0,34200,STARFRUIT,5037,1,5036.0,27.0,,,5043,27,,,,,5040.0,0.0,6
686,0,34300,STARFRUIT,5036,21,,,,,5043,22,,,,,5039.5,0.0,7
689,0,34400,STARFRUIT,5036,25,,,,,5037,1,5043.0,25.0,,,5036.5,0.0,1
691,0,34500,STARFRUIT,5037,25,,,,,5042,6,5044.0,25.0,,,5039.5,0.0,5
693,0,34600,STARFRUIT,5037,22,,,,,5042,2,5044.0,22.0,,,5039.5,0.0,5
694,0,34700,STARFRUIT,5036,29,,,,,5043,29,,,,,5039.5,0.0,7
697,0,34800,STARFRUIT,5039,2,5036.0,24.0,,,5043,24,,,,,5041.0,0.0,4
699,0,34900,STARFRUIT,5037,23,,,,,5044,24,,,,,5040.5,0.0,7
701,0,35000,STARFRUIT,5038,3,5037.0,22.0,,,5044,22,,,,,5041.0,0.0,6
702,0,35100,STARFRUIT,5038,1,5037.0,26.0,,,5044,26,,,,,5041.0,0.0,6
705,0,35200,STARFRUIT,5037,23,,,,,5042,5,5044.0,24.0,,,5039.5,0.0,5
707,0,35300,STARFRUIT,5037,24,,,,,5044,24,,,,,5040.5,0.0,7
709,0,35400,STARFRUIT,5037,22,,,,,5042,7,5044.0,22.0,,,5039.5,0.0,5
710,0,35500,STARFRUIT,5037,24,,,,,5044,25,,,,,5040.5,0.0,7
713,0,35600,STARFRUIT,5037,26,,,,,5044,27,,,,,5040.5,0.0,7
715,0,35700,STARFRUIT,5037,27,,,,,5044,27,,,,,5040.5,0.0,7
717,0,35800,STARFRUIT,5037,2,5036.0,28.0,,,5043,2,5044.0,28.0,,,5040.0,0.0,6
718,0,35900,STARFRUIT,5036,30,,,,,5041,6,5043.0,30.0,,,5038.5,0.0,5
721,0,36000,STARFRUIT,5036,28,,,,,5043,28,,,,,5039.5,0.0,7
723,0,36100,STARFRUIT,5036,26,,,,,5043,26,,,,,5039.5,0.0,7
725,0,36200,STARFRUIT,5036,2,5035.0,29.0,,,5042,30,,,,,5039.0,0.0,6
726,0,36300,STARFRUIT,5035,22,,,,,5036,1,5042.0,22.0,,,5035.5,0.0,1
729,0,36400,STARFRUIT,5036,1,5035.0,27.0,,,5040,1,5042.0,28.0,,,5038.0,0.0,4
731,0,36500,STARFRUIT,5035,27,,,,,5042,27,,,,,5038.5,0.0,7
733,0,36600,STARFRUIT,5035,21,,,,,5042,21,,,,,5038.5,0.0,7
734,0,36700,STARFRUIT,5035,29,,,,,5042,30,,,,,5038.5,0.0,7
737,0,36800,STARFRUIT,5040,3,5035.0,27.0,,,5042,27,,,,,5041.0,0.0,2
739,0,36900,STARFRUIT,5035,31,,,,,5042,31,,,,,5038.5,0.0,7
741,0,37000,STARFRUIT,5036,3,5035.0,23.0,,,5042,23,,,,,5039.0,0.0,6
742,0,37100,STARFRUIT,5041,1,5036.0,24.0,,,5042,1,5043.0,23.0,,,5041.5,0.0,1
745,0,37200,STARFRUIT,5036,22,,,,,5043,22,,,,,5039.5,0.0,7
747,0,37300,STARFRUIT,5037,27,,,,,5044,27,,,,,5040.5,0.0,7
749,0,37400,STARFRUIT,5038,1,5037.0,22.0,,,5044,23,,,,,5041.0,0.0,6
750,0,37500,STARFRUIT,5043,1,5038.0,8.0,5037.0,29.0,5044,29,,,,,5043.5,0.0,1
753,0,37600,STARFRUIT,5037,26,,,,,5044,26,,,,,5040.5,0.0,7
755,0,37700,STARFRUIT,5042,1,5037.0,29.0,,,5043,1,5044.0,28.0,,,5042.5,0.0,1
757,0,37800,STARFRUIT,5038,6,5037.0,29.0,,,5043,2,5044.0,27.0,,,5040.5,0.0,5
758,0,37900,STARFRUIT,5038,29,,,,,5039,9,5041.0,3.0,5044.0,2.0,5038.5,0.0,1
761,0,38000,STARFRUIT,5039,4,5038.0,25.0,,,5045,25,,,,,5042.0,0.0,6
763,0,38100,STARFRUIT,5038,27,,,,,5045,28,,,,,5041.5,0.0,7
765,0,38200,STARFRUIT,5038,23,,,,,5045,23,,,,,5041.5,0.0,7
766,0,38300,STARFRUIT,5039,27,,,,,5046,27,,,,,5042.5,0.0,7
769,0,38400,STARFRUIT,5039,20,,,,,5046,21,,,,,5042.5,0.0,7
771,0,38500,STARFRUIT,5044,1,5039.0,4.0,5038.0,25.0,5045,25,,,,,5044.5,0.0,1
772,0,38600,STARFRUIT,5038,27,,,,,5045,27,,,,,5041.5,0.0,7
774,0,38700,STARFRUIT,5042,4,5038.0,1.0,5037.0,29.0,5044,30,,,,,5043.0,0.0,2
776,0,38800,STARFRUIT,5042,4,5038.0,27.0,,,5045,27,,,,,5043.5,0.0,3
779,0,38900,STARFRUIT,5038,26,,,,,5043,7,5045.0,26.0,,,5040.5,0.0,5
780,0,39000,STARFRUIT,5038,29,,,,,5046,29,,,,,5042.0,0.0,8
782,0,39100,STARFRUIT,5038,30,,,,,5043,6,5045.0,30.0,,,5040.5,0.0,5
784,0,39200,STARFRUIT,5044,1,5038.0,24.0,,,5045,24,,,,,5044.5,0.0,1
787,0,39300,STARFRUIT,5038,27,,,,,5045,27,,,,,5041.5,0.0,7
788,0,39400,STARFRUIT,5038,29,,,,,5044,2,5045.0,27.0,,,5041.0,0.0,6
790,0,39500,STARFRUIT,5038,22,,,,,5045,22,,,,,5041.5,0.0,7
792,0,39600,STARFRUIT,5038,22,,,,,5045,22,,,,,5041.5,0.0,7
795,0,39700,STARFRUIT,5038,20,,,,,5045,20,,,,,5041.5,0.0,7
796,0,39800,STARFRUIT,5038,31,,,,,5044,1,5045.0,30.0,,,5041.0,0.0,6
798,0,39900,STARFRUIT,5038,32,,,,,5045,32,,,,,5041.5,0.0,7
800,0,40000,STARFRUIT,5037,31,,,,,5044,31,,,,,5040.5,0.0,7
803,0,40100,STARFRUIT,5037,27,,,,,5044,27,,,,,5040.5,0.0,7
804,0,40200,STARFRUIT,5037,23,,,,,5044,23,,,,,5040.5,0.0,7
806,0,40300,STARFRUIT,5037,3,5036.0,24.0,,,5039,4,5043.0,25.0,,,5038.0,0.0,2
808,0,40400,STARFRUIT,5037,21,,,,,5043,1,5044.0,20.0,,,5040.0,0.0,6
811,0,40500,STARFRUIT,5037,24,,,,,5044,24,,,,,5040.5,0.0,7
812,0,40600,STARFRUIT,5038,2,5037.0,24.0,,,5044,2,5045.0,24.0,,,5041.0,0.0,6
814,0,40700,STARFRUIT,5038,26,,,,,5045,26,,,,,5041.5,0.0,7
816,0,40800,STARFRUIT,5038,29,,,,,5045,29,,,,,5041.5,0.0,7
819,0,40900,STARFRUIT,5039,22,,,,,5046,22,,,,,5042.5,0.0,7
820,0,41000,STARFRUIT,5039,22,,,,,5046,22,,,,,5042.5,0.0,7
823,0,41100,STARFRUIT,5038,23,,,,,5045,23,,,,,5041.5,0.0,7
825,0,41200,STARFRUIT,5043,3,5039.0,1.0,5038.0,25.0,5045,1,5046.0,25.0,,,5044.0,0.0,2
827,0,41300,STARFRUIT,5038,21,,,,,5041,6,5045.0,21.0,,,5039.5,0.0,3
828,0,41400,STARFRUIT,5039,22,,,,,5046,23,,,,,5042.5,0.0,7
831,0,41500,STARFRUIT,5038,30,,,,,5040,2,5045.0,30.0,,,5039.0,0.0,2
833,0,41600,STARFRUIT,5038,28,,,,,5045,28,,,,,5041.5,0.0,7
835,0,41700,STARFRUIT,5038,20,,,,,5045,20,,,,,5041.5,0.0,7
836,0,41800,STARFRUIT,5039,5,5038.0,30.0,,,5044,2,5045.0,28.0,,,5041.5,0.0,5
839,0,41900,STARFRUIT,5038,30,,,,,5039,2,5043.0,7.0,5045.0,30.0,5038.5,0.0,1
841,0,42000,STARFRUIT,5038,2,5037.0,28.0,,,5044,30,,,,,5041.0,0.0,6
843,0,42100,STARFRUIT,5038,24,,,,,5043,3,5045.0,24.0,,,5040.5,0.0,5
844,0,42200,STARFRUIT,5039,3,5038.0,26.0,,,5045,26,,,,,5042.0,0.0,6
847,0,42300,STARFRUIT,5042,4,5039.0,24.0,,,5044,6,5046.0,24.0,,,5043.0,0.0,2
849,0,42400,STARFRUIT,5043,7,5038.0,25.0,,,5045,25,,,,,5044.0,0.0,2
851,0,42500,STARFRUIT,5038,23,,,,,5043,8,5045.0,24.0,,,5040.5,0.0,5
852,0,42600,STARFRUIT,5038,25,,,,,5043,2,5045.0,25.0,,,5040.5,0.0,5
855,0,42700,STARFRUIT,5038,21,,,,,5044,2,5045.0,20.0,,,5041.0,0.0,6
857,0,42800,STARFRUIT,5038,23,,,,,5045,23,,,,,5041.5,0.0,7
859,0,42900,STARFRUIT,5038,22,,,,,5043,7,5045.0,22.0,,,5040.5,0.0,5
860,0,43000,STARFRUIT,5038,25,,,,,5045,25,,,,,5041.5,0.0,7
863,0,43100,STARFRUIT,5038,25,,,,,5045,25,,,,,5041.5,0.0,7
865,0,43200,STARFRUIT,5038,28,,,,,5041,2,5045.0,28.0,,,5039.5,0.0,3
866,0,43300,STARFRUIT,5037,20,,,,,5044,20,,,,,5040.5,0.0,7
869,0,43400,STARFRUIT,5037,28,,,,,5043,2,5044.0,27.0,,,5040.0,0.0,6
871,0,43500,STARFRUIT,5036,24,,,,,5043,24,,,,,5039.5,0.0,7
873,0,43600,STARFRUIT,5036,21,,,,,5041,8,5043.0,21.0,,,5038.5,0.0,5
874,0,43700,STARFRUIT,5037,10,5036.0,26.0,,,5043,28,,,,,5040.0,0.0,6
877,0,43800,STARFRUIT,5036,25,,,,,5043,25,,,,,5039.5,0.0,7
879,0,43900,STARFRUIT,5037,6,5036.0,28.0,,,5043,28,,,,,5040.0,0.0,6
881,0,44000,STARFRUIT,5036,26,,,,,5043,26,,,,,5039.5,0.0,7
882,0,44100,STARFRUIT,5036,29,,,,,5042,2,5043.0,28.0,,,5039.0,0.0,6
885,0,44200,STARFRUIT,5036,22,,,,,5043,22,,,,,5039.5,0.0,7
887,0,44300,STARFRUIT,5037,7,5036.0,25.0,,,5042,1,5043.0,24.0,,,5039.5,0.0,5
889,0,44400,STARFRUIT,5037,1,5036.0,30.0,,,5043,30,,,,,5040.0,0.0,6
890,0,44500,STARFRUIT,5036,27,,,,,5043,27,,,,,5039.5,0.0,7
893,0,44600,STARFRUIT,5037,23,,,,,5044,23,,,,,5040.5,0.0,7
895,0,44700,STARFRUIT,5038,7,5037.0,24.0,,,5044,24,,,,,5041.0,0.0,6
897,0,44800,STARFRUIT,5037,24,,,,,5043,2,5044.0,22.0,,,5040.0,0.0,6
898,0,44900,STARFRUIT,5041,9,5036.0,26.0,,,5043,26,,,,,5042.0,0.0,2
901,0,45000,STARFRUIT,5036,27,,,,,5043,27,,,,,5039.5,0.0,7
903,0,45100,STARFRUIT,5037,2,5036.0,25.0,,,5043,27,,,,,5040.0,0.0,6
905,0,45200,STARFRUIT,5036,27,,,,,5044,27,,,,,5040.0,0.0,8
906,0,45300,STARFRUIT,5037,28,,,,,5044,29,,,,,5040.5,0.0,7
909,0,45400,STARFRUIT,5037,28,,,,,5044,28,,,,,5040.5,0.0,7
911,0,45500,STARFRUIT,5036,24,,,,,5043,24,,,,,5039.5,0.0,7
913,0,45600,STARFRUIT,5037,1,5036.0,24.0,,,5041,2,5043.0,25.0,,,5039.0,0.0,4
914,0,45700,STARFRUIT,5036,30,,,,,5043,30,,,,,5039.5,0.0,7
917,0,45800,STARFRUIT,5037,26,,,,,5044,26,,,,,5040.5,0.0,7
919,0,45900,STARFRUIT,5038,1,5037.0,21.0,,,5042,8,5044.0,22.0,,,5040.0,0.0,4
921,0,46000,STARFRUIT,5037,27,,,,,5044,27,,,,,5040.5,0.0,7
922,0,46100,STARFRUIT,5038,26,,,,,5044,2,5045.0,25.0,,,5041.0,0.0,6
925,0,46200,STARFRUIT,5043,8,5042.0,2.0,5039.0,2.0,5045,28,,,,,5044.0,0.0,2
927,0,46300,STARFRUIT,5039,1,5038.0,22.0,,,5043,4,5045.0,23.0,,,5041.0,0.0,4
929,0,46400,STARFRUIT,5043,10,5038.0,26.0,,,5045,26,,,,,5044.0,0.0,2
930,0,46500,STARFRUIT,5038,24,,,,,5045,25,,,,,5041.5,0.0,7
933,0,46600,STARFRUIT,5039,23,,,,,5045,2,5046.0,21.0,,,5042.0,0.0,6
935,0,46700,STARFRUIT,5039,3,5038.0,23.0,,,5045,23,,,,,5042.0,0.0,6
937,0,46800,STARFRUIT,5039,1,5038.0,22.0,,,5040,5,5045.0,23.0,,,5039.5,0.0,1
938,0,46900,STARFRUIT,5044,1,5039.0,28.0,,,5045,2,5046.0,26.0,,,5044.5,0.0,1
941,0,47000,STARFRUIT,5039,20,,,,,5046,20,,,,,5042.5,0.0,7
943,0,47100,STARFRUIT,5039,23,,,,,5044,7,5046.0,24.0,,,5041.5,0.0,5
945,0,47200,STARFRUIT,5043,4,5039.0,29.0,,,5046,29,,,,,5044.5,0.0,3
946,0,47300,STARFRUIT,5039,24,,,,,5046,24,,,,,5042.5,0.0,7
949,0,47400,STARFRUIT,5038,26,,,,,5043,2,5045.0,26.0,,,5040.5,0.0,5
951,0,47500,STARFRUIT,5037,28,,,,,5044,28,,,,,5040.5,0.0,7
952,0,47600,STARFRUIT,5037,21,,,,,5044,21,,,,,5040.5,0.0,7
954,0,47700,STARFRUIT,5037,24,,,,,5042,3,5044.0,24.0,,,5039.5,0.0,5
956,0,47800,STARFRUIT,5038,22,,,,,5045,22,,,,,5041.5,0.0,7
959,0,47900,STARFRUIT,5037,21,,,,,5044,21,,,,,5040.5,0.0,7
960,0,48000,STARFRUIT,5037,29,,,,,5044,29,,,,,5040.5,0.0,7
962,0,48100,STARFRUIT,5037,29,,,,,5044,29,,,,,5040.5,0.0,7
964,0,48200,STARFRUIT,5038,9,5037.0,25.0,,,5044,26,,,,,5041.0,0.0,6
967,0,48300,STARFRUIT,5043,1,5037.0,29.0,,,5044,29,,,,,5043.5,0.0,1
968,0,48400,STARFRUIT,5043,1,5037.0,22.0,,,5044,22,,,,,5043.5,0.0,1
970,0,48500,STARFRUIT,5037,25,,,,,5044,25,,,,,5040.5,0.0,7
972,0,48600,STARFRUIT,5037,4,5036.0,20.0,,,5043,2,5044.0,20.0,,,5040.0,0.0,6
975,0,48700,STARFRUIT,5036,21,,,,,5043,21,,,,,5039.5,0.0,7
976,0,48800,STARFRUIT,5037,2,5036.0,31.0,,,5043,31,,,,,5040.0,0.0,6
978,0,48900,STARFRUIT,5036,24,,,,,5043,25,,,,,5039.5,0.0,7
980,0,49000,STARFRUIT,5035,29,,,,,5042,29,,,,,5038.5,0.0,7
983,0,49100,STARFRUIT,5035,26,,,,,5042,26,,,,,5038.5,0.0,7
984,0,49200,STARFRUIT,5035,6,5034.0,25.0,,,5041,25,,,,,5038.0,0.0,6
986,0,49300,STARFRUIT,5040,1,5035.0,4.0,5034.0,29.0,5041,29,,,,,5040.5,0.0,1
988,0,49400,STARFRUIT,5040,1,5035.0,22.0,,,5042,22,,,,,5041.0,0.0,2
991,0,49500,STARFRUIT,5035,23,,,,,5042,23,,,,,5038.5,0.0,7
992,0,49600,STARFRUIT,5035,22,,,,,5040,4,5042.0,22.0,,,5037.5,0.0,5
994,0,49700,STARFRUIT,5036,2,5035.0,22.0,,,5042,24,,,,,5039.0,0.0,6
997,0,49800,STARFRUIT,5036,22,,,,,5043,22,,,,,5039.5,0.0,7
999,0,49900,STARFRUIT,5037,22,,,,,5044,22,,,,,5040.5,0.0,7
1000,0,50000,STARFRUIT,5037,30,,,,,5044,30,,,,,5040.5,0.0,7
1003,0,50100,STARFRUIT,5042,10,5037.0,32.0,,,5043,2,5044.0,30.0,,,5042.5,0.0,1
1005,0,50200,STARFRUIT,5036,25,,,,,5043,25,,,,,5039.5,0.0,7
1007,0,50300,STARFRUIT,5041,2,5037.0,1.0,5036.0,25.0,5043,26,,,,,5042.0,0.0,2
1008,0,50400,STARFRUIT,5036,30,,,,,5043,30,,,,,5039.5,0.0,7
1011,0,50500,STARFRUIT,5037,1,5036.0,29.0,,,5043,29,,,,,5040.0,0.0,6
1013,0,50600,STARFRUIT,5041,1,5036.0,24.0,,,5043,24,,,,,5042.0,0.0,2
1015,0,50700,STARFRUIT,5036,25,,,,,5043,25,,,,,5039.5,0.0,7
1016,0,50800,STARFRUIT,5037,7,5036.0,24.0,,,5043,24,,,,,5040.0,0.0,6
1019,0,50900,STARFRUIT,5037,1,5036.0,26.0,,,5041,5,5043.0,27.0,,,5039.0,0.0,4
1021,0,51000,STARFRUIT,5037,24,,,,,5042,4,5043.0,2.0,5044.0,22.0,5039.5,0.0,5
1023,0,51100,STARFRUIT,5037,27,,,,,5042,1,5044.0,27.0,,,5039.5,0.0,5
1024,0,51200,STARFRUIT,5038,3,5037.0,32.0,,,5044,32,,,,,5041.0,0.0,6
1027,0,51300,STARFRUIT,5038,2,5037.0,23.0,,,5044,25,,,,,5041.0,0.0,6
1029,0,51400,STARFRUIT,5037,23,,,,,5044,23,,,,,5040.5,0.0,7
1031,0,51500,STARFRUIT,5037,22,,,,,5044,22,,,,,5040.5,0.0,7
1032,0,51600,STARFRUIT,5038,2,5037.0,29.0,,,5042,5,5044.0,31.0,,,5040.0,0.0,4
1035,0,51700,STARFRUIT,5038,7,5037.0,30.0,,,5044,32,,,,,5041.0,0.0,6
1037,0,51800,STARFRUIT,5037,26,,,,,5044,26,,,,,5040.5,0.0,7
1039,0,51900,STARFRUIT,5037,27,,,,,5042,7,5044.0,27.0,,,5039.5,0.0,5
1041,0,52000,STARFRUIT,5037,24,,,,,5038,7,5044.0,24.0,,,5037.5,0.0,1
1043,0,52100,STARFRUIT,5037,30,,,,,5044,30,,,,,5040.5,0.0,7
1045,0,52200,STARFRUIT,5037,28,,,,,5042,2,5044.0,28.0,,,5039.5,0.0,5
1046,0,52300,STARFRUIT,5037,21,,,,,5038,2,5044.0,21.0,,,5037.5,0.0,1
1049,0,52400,STARFRUIT,5040,6,5037.0,24.0,,,5044,24,,,,,5042.0,0.0,4
1051,0,52500,STARFRUIT,5037,31,,,,,5043,1,5044.0,30.0,,,5040.0,0.0,6
1053,0,52600,STARFRUIT,5037,24,,,,,5043,1,5044.0,23.0,,,5040.0,0.0,6
1054,0,52700,STARFRUIT,5037,29,,,,,5044,29,,,,,5040.5,0.0,7
1057,0,52800,STARFRUIT,5037,24,,,,,5044,24,,,,,5040.5,0.0,7
1059,0,52900,STARFRUIT,5036,31,,,,,5043,31,,,,,5039.5,0.0,7
1061,0,53000,STARFRUIT,5036,4,5035.0,28.0,,,5042,28,,,,,5039.0,0.0,6
1062,0,53100,STARFRUIT,5036,1,5035.0,30.0,,,5042,1,5043.0,30.0,,,5039.0,0.0,6
1065,0,53200,STARFRUIT,5036,31,,,,,5043,31,,,,,5039.5,0.0,7
1067,0,53300,STARFRUIT,5036,24,,,,,5041,7,5042.0,1.0,5043.0,23.0,5038.5,0.0,5
1069,0,53400,STARFRUIT,5037,22,,,,,5044,23,,,,,5040.5,0.0,7
1070,0,53500,STARFRUIT,5037,26,,,,,5042,1,5044.0,26.0,,,5039.5,0.0,5
1073,0,53600,STARFRUIT,5038,3,5037.0,23.0,,,5044,23,,,,,5041.0,0.0,6
1075,0,53700,STARFRUIT,5037,27,,,,,5044,27,,,,,5040.5,0.0,7
1077,0,53800,STARFRUIT,5037,25,,,,,5038,4,5044.0,25.0,,,5037.5,0.0,1
1078,0,53900,STARFRUIT,5037,28,,,,,5042,7,5044.0,28.0,,,5039.5,0.0,5
1081,0,54000,STARFRUIT,5038,2,5037.0,22.0,,,5044,22,,,,,5041.0,0.0,6
1083,0,54100,STARFRUIT,5038,4,5037.0,23.0,,,5044,23,,,,,5041.0,0.0,6
1085,0,54200,STARFRUIT,5037,21,,,,,5043,1,5044.0,20.0,,,5040.0,0.0,6
1086,0,54300,STARFRUIT,5037,25,,,,,5044,25,,,,,5040.5,0.0,7
1089,0,54400,STARFRUIT,5038,1,5037.0,22.0,,,5044,24,,,,,5041.0,0.0,6
1091,0,54500,STARFRUIT,5038,28,,,,,5045,29,,,,,5041.5,0.0,7
1093,0,54600,STARFRUIT,5038,28,,,,,5045,28,,,,,5041.5,0.0,7
1094,0,54700,STARFRUIT,5037,21,,,,,5045,21,,,,,5041.0,0.0,8
1097,0,54800,STARFRUIT,5039,1,5038.0,23.0,,,5043,6,5045.0,24.0,,,5041.0,0.0,4
1099,0,54900,STARFRUIT,5038,29,,,,,5043,3,5045.0,29.0,,,5040.5,0.0,5
1101,0,55000,STARFRUIT,5039,4,5038.0,27.0,,,5040,3,5045.0,27.0,,,5039.5,0.0,1
1102,0,55100,STARFRUIT,5039,31,,,,,5045,2,5046.0,29.0,,,5042.0,0.0,6
1105,0,55200,STARFRUIT,5038,25,,,,,5045,25,,,,,5041.5,0.0,7
1107,0,55300,STARFRUIT,5039,25,,,,,5045,1,5046.0,24.0,,,5042.0,0.0,6
1109,0,55400,STARFRUIT,5039,1,5038.0,22.0,,,5045,23,,,,,5042.0,0.0,6
1110,0,55500,STARFRUIT,5038,26,,,,,5045,26,,,,,5041.5,0.0,7
1113,0,55600,STARFRUIT,5039,1,5038.0,27.0,,,5045,28,,,,,5042.0,0.0,6
1115,0,55700,STARFRUIT,5038,21,,,,,5045,21,,,,,5041.5,0.0,7
1117,0,55800,STARFRUIT,5038,23,,,,,5045,23,,,,,5041.5,0.0,7
1118,0,55900,STARFRUIT,5038,24,,,,,5045,24,,,,,5041.5,0.0,7
1121,0,56000,STARFRUIT,5038,22,,,,,5045,22,,,,,5041.5,0.0,7
1123,0,56100,STARFRUIT,5038,30,,,,,5044,1,5045.0,29.0,,,5041.0,0.0,6
1125,0,56200,STARFRUIT,5038,28,,,,,5044,2,5045.0,26.0,,,5041.0,0.0,6
1126,0,56300,STARFRUIT,5038,23,,,,,5043,8,5045.0,23.0,,,5040.5,0.0,5
1128,0,56400,STARFRUIT,5038,23,,,,,5045,23,,,,,5041.5,0.0,7
1131,0,56500,STARFRUIT,5039,8,5038.0,25.0,,,5045,25,,,,,5042.0,0.0,6
1132,0,56600,STARFRUIT,5038,1,5037.0,26.0,,,5044,1,5045.0,26.0,,,5041.0,0.0,6
1134,0,56700,STARFRUIT,5037,25,,,,,5038,1,5044.0,25.0,,,5037.5,0.0,1
1136,0,56800,STARFRUIT,5038,6,5037.0,24.0,,,5044,24,,,,,5041.0,0.0,6
1139,0,56900,STARFRUIT,5037,20,,,,,5044,20,,,,,5040.5,0.0,7
1140,0,57000,STARFRUIT,5037,25,,,,,5044,25,,,,,5040.5,0.0,7
1142,0,57100,STARFRUIT,5038,2,5037.0,25.0,,,5044,2,5045.0,25.0,,,5041.0,0.0,6
1144,0,57200,STARFRUIT,5037,26,,,,,5044,26,,,,,5040.5,0.0,7
1147,0,57300,STARFRUIT,5038,25,,,,,5045,25,,,,,5041.5,0.0,7
1148,0,57400,STARFRUIT,5038,27,,,,,5043,4,5044.0,2.0,5045.0,26.0,5040.5,0.0,5
1150,0,57500,STARFRUIT,5038,1,5037.0,30.0,,,5044,31,,,,,5041.0,0.0,6
1152,0,57600,STARFRUIT,5037,29,,,,,5044,29,,,,,5040.5,0.0,7
1155,0,57700,STARFRUIT,5037,30,,,,,5044,30,,,,,5040.5,0.0,7
1156,0,57800,STARFRUIT,5037,28,,,,,5044,28,,,,,5040.5,0.0,7
1158,0,57900,STARFRUIT,5037,2,5036.0,30.0,,,5043,32,,,,,5040.0,0.0,6
1160,0,58000,STARFRUIT,5041,4,5037.0,23.0,,,5044,23,,,,,5042.5,0.0,3
1163,0,58100,STARFRUIT,5038,7,5037.0,24.0,,,5044,24,,,,,5041.0,0.0,6
1164,0,58200,STARFRUIT,5038,6,5037.0,26.0,,,5043,2,5044.0,24.0,,,5040.5,0.0,5
1166,0,58300,STARFRUIT,5037,2,5036.0,21.0,,,5043,23,,,,,5040.0,0.0,6
1168,0,58400,STARFRUIT,5037,21,,,,,5040,4,5044.0,21.0,,,5038.5,0.0,3
1171,0,58500,STARFRUIT,5038,3,5037.0,29.0,,,5044,30,,,,,5041.0,0.0,6
1172,0,58600,STARFRUIT,5038,29,,,,,5043,3,5045.0,29.0,,,5040.5,0.0,5
1175,0,58700,STARFRUIT,5043,10,5038.0,25.0,,,5044,1,5045.0,24.0,,,5043.5,0.0,1
1177,0,58800,STARFRUIT,5038,2,5037.0,22.0,,,5042,8,5044.0,24.0,,,5040.0,0.0,4
1179,0,58900,STARFRUIT,5037,22,,,,,5044,22,,,,,5040.5,0.0,7
1180,0,59000,STARFRUIT,5037,26,,,,,5045,26,,,,,5041.0,0.0,8
1183,0,59100,STARFRUIT,5037,30,,,,,5044,30,,,,,5040.5,0.0,7
1185,0,59200,STARFRUIT,5040,3,5038.0,2.0,5037.0,29.0,5044,31,,,,,5042.0,0.0,4
1187,0,59300,STARFRUIT,5040,2,5037.0,2.0,5036.0,28.0,5043,2,5044.0,28.0,,,5041.5,0.0,3
1188,0,59400,STARFRUIT,5036,28,,,,,5043,28,,,,,5039.5,0.0,7
1191,0,59500,STARFRUIT,5037,2,5036.0,27.0,,,5043,2,5044.0,27.0,,,5040.0,0.0,6
1193,0,59600,STARFRUIT,5038,4,5037.0,25.0,,,5044,25,,,,,5041.0,0.0,6
1195,0,59700,STARFRUIT,5038,28,,,,,5043,8,5045.0,28.0,,,5040.5,0.0,5
1196,0,59800,STARFRUIT,5038,20,,,,,5040,5,5045.0,20.0,,,5039.0,0.0,2
1199,0,59900,STARFRUIT,5038,2,5037.0,22.0,,,5044,24,,,,,5041.0,0.0,6
1201,0,60000,STARFRUIT,5037,31,,,,,5044,31,,,,,5040.5,0.0,7
1203,0,60100,STARFRUIT,5037,25,,,,,5038,9,5044.0,25.0,,,5037.5,0.0,1
1204,0,60200,STARFRUIT,5040,4,5037.0,22.0,,,5044,22,,,,,5042.0,0.0,4
1207,0,60300,STARFRUIT,5037,24,,,,,5044,24,,,,,5040.5,0.0,7
1209,0,60400,STARFRUIT,5040,6,5037.0,25.0,,,5043,1,5044.0,24.0,,,5041.5,0.0,3
1211,0,60500,STARFRUIT,5037,22,,,,,5043,2,5044.0,20.0,,,5040.0,0.0,6
1212,0,60600,STARFRUIT,5037,27,,,,,5044,27,,,,,5040.5,0.0,7
1215,0,60700,STARFRUIT,5037,31,,,,,5044,31,,,,,5040.5,0.0,7
1217,0,60800,STARFRUIT,5037,25,,,,,5042,8,5044.0,25.0,,,5039.5,0.0,5
1218,0,60900,STARFRUIT,5038,2,5037.0,23.0,,,5044,25,,,,,5041.0,0.0,6
1221,0,61000,STARFRUIT,5037,31,,,,,5038,8,5044.0,31.0,,,5037.5,0.0,1
1223,0,61100,STARFRUIT,5037,32,,,,,5044,32,,,,,5040.5,0.0,7
1225,0,61200,STARFRUIT,5037,30,,,,,5042,7,5044.0,30.0,,,5039.5,0.0,5
1226,0,61300,STARFRUIT,5037,1,5036.0,30.0,,,5043,31,,,,,5040.0,0.0,6
1229,0,61400,STARFRUIT,5037,28,,,,,5044,28,,,,,5040.5,0.0,7
1231,0,61500,STARFRUIT,5037,29,,,,,5044,29,,,,,5040.5,0.0,7
1233,0,61600,STARFRUIT,5037,26,,,,,5042,4,5044.0,26.0,,,5039.5,0.0,5
1234,0,61700,STARFRUIT,5043,1,5037.0,23.0,,,5044,23,,,,,5043.5,0.0,1
1237,0,61800,STARFRUIT,5038,2,5037.0,29.0,,,5044,29,,,,,5041.0,0.0,6
1239,0,61900,STARFRUIT,5038,2,5037.0,23.0,,,5044,25,,,,,5041.0,0.0,6
1241,0,62000,STARFRUIT,5037,23,,,,,5044,23,,,,,5040.5,0.0,7
1242,0,62100,STARFRUIT,5037,25,,,,,5043,1,5044.0,24.0,,,5040.0,0.0,6
1245,0,62200,STARFRUIT,5037,26,,,,,5038,1,5044.0,26.0,,,5037.5,0.0,1
1247,0,62300,STARFRUIT,5038,1,5037.0,21.0,,,5044,22,,,,,5041.0,0.0,6
1249,0,62400,STARFRUIT,5037,26,,,,,5044,26,,,,,5040.5,0.0,7
1250,0,62500,STARFRUIT,5038,2,5037.0,27.0,,,5042,3,5044.0,29.0,,,5040.0,0.0,4
1253,0,62600,STARFRUIT,5038,2,5037.0,29.0,,,5042,4,5044.0,31.0,,,5040.0,0.0,4
1255,0,62700,STARFRUIT,5037,25,,,,,5044,25,,,,,5040.5,0.0,7
1257,0,62800,STARFRUIT,5037,28,,,,,5044,28,,,,,5040.5,0.0,7
1258,0,62900,STARFRUIT,5037,22,,,,,5042,7,5043.0,1.0,5044.0,21.0,5039.5,0.0,5
1261,0,63000,STARFRUIT,5037,27,,,,,5039,5,5044.0,27.0,,,5038.0,0.0,2
1263,0,63100,STARFRUIT,5037,20,,,,,5044,20,,,,,5040.5,0.0,7
1265,0,63200,STARFRUIT,5039,4,5038.0,24.0,,,5045,24,,,,,5042.0,0.0,6
1266,0,63300,STARFRUIT,5038,28,,,,,5045,28,,,,,5041.5,0.0,7
1269,0,63400,STARFRUIT,5038,31,,,,,5043,6,5044.0,1.0,5045.0,30.0,5040.5,0.0,5
1271,0,63500,STARFRUIT,5037,32,,,,,5044,32,,,,,5040.5,0.0,7
1273,0,63600,STARFRUIT,5037,31,,,,,5044,31,,,,,5040.5,0.0,7
1274,0,63700,STARFRUIT,5037,24,,,,,5044,24,,,,,5040.5,0.0,7
1277,0,63800,STARFRUIT,5036,1,5035.0,26.0,,,5042,28,,,,,5039.0,0.0,6
1279,0,63900,STARFRUIT,5037,2,5035.0,25.0,,,5043,25,,,,,5040.0,0.0,6
1281,0,64000,STARFRUIT,5036,6,5035.0,31.0,,,5042,31,,,,,5039.0,0.0,6
1282,0,64100,STARFRUIT,5037,4,5036.0,29.0,,,5043,29,,,,,5040.0,0.0,6
1285,0,64200,STARFRUIT,5036,24,,,,,5043,24,,,,,5039.5,0.0,7
1287,0,64300,STARFRUIT,5036,8,5035.0,29.0,,,5042,29,,,,,5039.0,0.0,6
1289,0,64400,STARFRUIT,5035,26,,,,,5036,1,5040.0,2.0,5042.0,26.0,5035.5,0.0,1
1290,0,64500,STARFRUIT,5035,31,,,,,5040,2,5042.0,31.0,,,5037.5,0.0,5
1293,0,64600,STARFRUIT,5035,23,,,,,5042,24,,,,,5038.5,0.0,7
1295,0,64700,STARFRUIT,5036,10,5035.0,28.0,,,5042,2,5043.0,28.0,,,5039.0,0.0,6
1297,0,64800,STARFRUIT,5036,28,,,,,5042,2,5043.0,26.0,,,5039.0,0.0,6
1298,0,64900,STARFRUIT,5036,2,5035.0,30.0,,,5042,30,,,,,5039.0,0.0,6
1301,0,65000,STARFRUIT,5036,22,,,,,5043,22,,,,,5039.5,0.0,7
1303,0,65100,STARFRUIT,5036,2,5035.0,29.0,,,5040,8,5042.0,31.0,,,5038.0,0.0,4
1305,0,65200,STARFRUIT,5036,25,,,,,5043,25,,,,,5039.5,0.0,7
1306,0,65300,STARFRUIT,5041,1,5040.0,5.0,5036.0,31.0,5042,2,5043.0,29.0,,,5041.5,0.0,1
1308,0,65400,STARFRUIT,5035,25,,,,,5042,25,,,,,5038.5,0.0,7
1311,0,65500,STARFRUIT,5035,27,,,,,5042,27,,,,,5038.5,0.0,7
1312,0,65600,STARFRUIT,5035,28,,,,,5042,28,,,,,5038.5,0.0,7
1314,0,65700,STARFRUIT,5035,21,,,,,5043,21,,,,,5039.0,0.0,8
1316,0,65800,STARFRUIT,5036,29,,,,,5043,29,,,,,5039.5,0.0,7
1319,0,65900,STARFRUIT,5037,1,5036.0,26.0,,,5043,27,,,,,5040.0,0.0,6
1320,0,66000,STARFRUIT,5037,8,5036.0,20.0,,,5043,21,,,,,5040.0,0.0,6
1322,0,66100,STARFRUIT,5037,22,,,,,5044,22,,,,,5040.5,0.0,7
1324,0,66200,STARFRUIT,5037,28,,,,,5044,28,,,,,5040.5,0.0,7
1327,0,66300,STARFRUIT,5038,6,5037.0,25.0,,,5044,25,,,,,5041.0,0.0,6
1328,0,66400,STARFRUIT,5037,1,5036.0,28.0,,,5041,6,5043.0,29.0,,,5039.0,0.0,4
1330,0,66500,STARFRUIT,5038,4,5037.0,24.0,,,5043,2,5044.0,22.0,,,5040.5,0.0,5
1332,0,66600,STARFRUIT,5038,1,5037.0,25.0,,,5044,25,,,,,5041.0,0.0,6
1335,0,66700,STARFRUIT,5037,30,,,,,5044,30,,,,,5040.5,0.0,7
1336,0,66800,STARFRUIT,5038,2,5037.0,22.0,,,5044,24,,,,,5041.0,0.0,6
1338,0,66900,STARFRUIT,5037,1,5036.0,28.0,,,5038,2,5043.0,29.0,,,5037.5,0.0,1
1340,0,67000,STARFRUIT,5036,32,,,,,5042,2,5043.0,30.0,,,5039.0,0.0,6
1343,0,67100,STARFRUIT,5036,22,,,,,5037,1,5041.0,6.0,5043.0,22.0,5036.5,0.0,1
1344,0,67200,STARFRUIT,5036,30,,,,,5041,8,5043.0,30.0,,,5038.5,0.0,5
1346,0,67300,STARFRUIT,5037,26,,,,,5043,1,5044.0,25.0,,,5040.0,0.0,6
1348,0,67400,STARFRUIT,5037,30,,,,,5044,30,,,,,5040.5,0.0,7
1351,0,67500,STARFRUIT,5038,1,5037.0,28.0,,,5042,7,5044.0,29.0,,,5040.0,0.0,4
1352,0,67600,STARFRUIT,5038,1,5037.0,30.0,,,5044,31,,,,,5041.0,0.0,6
1355,0,67700,STARFRUIT,5037,21,,,,,5044,21,,,,,5040.5,0.0,7
1357,0,67800,STARFRUIT,5037,23,,,,,5044,23,,,,,5040.5,0.0,7
1359,0,67900,STARFRUIT,5041,9,5037.0,8.0,5036.0,20.0,5043,22,,,,,5042.0,0.0,2
1360,0,68000,STARFRUIT,5036,30,,,,,5043,30,,,,,5039.5,0.0,7
1363,0,68100,STARFRUIT,5036,26,,,,,5041,1,5043.0,26.0,,,5038.5,0.0,5
1365,0,68200,STARFRUIT,5036,7,5035.0,24.0,,,5042,26,,,,,5039.0,0.0,6
1367,0,68300,STARFRUIT,5035,1,5034.0,26.0,,,5041,27,,,,,5038.0,0.0,6
1368,0,68400,STARFRUIT,5034,28,,,,,5041,28,,,,,5037.5,0.0,7
1371,0,68500,STARFRUIT,5035,1,5034.0,23.0,,,5041,24,,,,,5038.0,0.0,6
1373,0,68600,STARFRUIT,5035,1,5034.0,30.0,,,5041,1,5042.0,30.0,,,5038.0,0.0,6
1375,0,68700,STARFRUIT,5035,29,,,,,5041,2,5042.0,27.0,,,5038.0,0.0,6
1376,0,68800,STARFRUIT,5034,23,,,,,5040,8,5042.0,23.0,,,5037.0,0.0,6
1379,0,68900,STARFRUIT,5035,21,,,,,5042,21,,,,,5038.5,0.0,7
1381,0,69000,STARFRUIT,5035,21,,,,,5041,1,5042.0,20.0,,,5038.0,0.0,6
1383,0,69100,STARFRUIT,5035,21,,,,,5042,21,,,,,5038.5,0.0,7
1384,0,69200,STARFRUIT,5035,27,,,,,5036,7,5042.0,27.0,,,5035.5,0.0,1
1387,0,69300,STARFRUIT,5035,2,5034.0,22.0,,,5041,24,,,,,5038.0,0.0,6
1389,0,69400,STARFRUIT,5035,4,5034.0,28.0,,,5040,1,5041.0,27.0,,,5037.5,0.0,5
1391,0,69500,STARFRUIT,5033,27,,,,,5038,2,5040.0,27.0,,,5035.5,0.0,5
1392,0,69600,STARFRUIT,5033,25,,,,,5040,25,,,,,5036.5,0.0,7
1395,0,69700,STARFRUIT,5033,29,,,,,5040,29,,,,,5036.5,0.0,7
1397,0,69800,STARFRUIT,5034,27,,,,,5040,2,5041.0,26.0,,,5037.0,0.0,6
1398,0,69900,STARFRUIT,5035,4,5034.0,26.0,,,5041,26,,,,,5038.0,0.0,6
1401,0,70000,STARFRUIT,5034,9,5033.0,28.0,,,5040,1,5041.0,28.0,,,5037.0,0.0,6
1403,0,70100,STARFRUIT,5033,27,,,,,5038,7,5040.0,27.0,,,5035.5,0.0,5
1405,0,70200,STARFRUIT,5033,26,,,,,5036,3,5038.0,2.0,5040.0,26.0,5034.5,0.0,3
1406,0,70300,STARFRUIT,5033,25,,,,,5040,25,,,,,5036.5,0.0,7
1409,0,70400,STARFRUIT,5034,31,,,,,5039,6,5041.0,31.0,,,5036.5,0.0,5
1411,0,70500,STARFRUIT,5034,24,,,,,5041,24,,,,,5037.5,0.0,7
1413,0,70600,STARFRUIT,5039,1,5034.0,2.0,5033.0,27.0,5040,2,5041.0,27.0,,,5039.5,0.0,1
1414,0,70700,STARFRUIT,5033,24,,,,,5040,24,,,,,5036.5,0.0,7
1417,0,70800,STARFRUIT,5033,31,,,,,5040,32,,,,,5036.5,0.0,7
1419,0,70900,STARFRUIT,5033,29,,,,,5040,29,,,,,5036.5,0.0,7
1421,0,71000,STARFRUIT,5039,1,5034.0,2.0,5033.0,29.0,5040,31,,,,,5039.5,0.0,1
1422,0,71100,STARFRUIT,5035,8,5034.0,22.0,,,5041,22,,,,,5038.0,0.0,6
1425,0,71200,STARFRUIT,5039,2,5035.0,2.0,5034.0,24.0,5041,26,,,,,5040.0,0.0,2
1427,0,71300,STARFRUIT,5034,20,,,,,5042,20,,,,,5038.0,0.0,8
1429,0,71400,STARFRUIT,5035,30,,,,,5040,2,5042.0,30.0,,,5037.5,0.0,5
1430,0,71500,STARFRUIT,5036,7,5035.0,31.0,,,5042,31,,,,,5039.0,0.0,6
1433,0,71600,STARFRUIT,5035,22,,,,,5042,22,,,,,5038.5,0.0,7
1435,0,71700,STARFRUIT,5035,28,,,,,5042,28,,,,,5038.5,0.0,7
1437,0,71800,STARFRUIT,5036,8,5035.0,20.0,,,5042,22,,,,,5039.0,0.0,6
1438,0,71900,STARFRUIT,5036,22,,,,,5043,22,,,,,5039.5,0.0,7
1441,0,72000,STARFRUIT,5036,29,,,,,5043,29,,,,,5039.5,0.0,7
1443,0,72100,STARFRUIT,5036,1,5035.0,28.0,,,5042,28,,,,,5039.0,0.0,6
1445,0,72200,STARFRUIT,5035,21,,,,,5040,4,5042.0,21.0,,,5037.5,0.0,5
1446,0,72300,STARFRUIT,5036,1,5035.0,29.0,,,5042,30,,,,,5039.0,0.0,6
1449,0,72400,STARFRUIT,5036,24,,,,,5041,4,5043.0,24.0,,,5038.5,0.0,5
1451,0,72500,STARFRUIT,5037,2,5036.0,28.0,,,5043,30,,,,,5040.0,0.0,6
1453,0,72600,STARFRUIT,5037,2,5036.0,22.0,,,5043,24,,,,,5040.0,0.0,6
1454,0,72700,STARFRUIT,5036,29,,,,,5043,29,,,,,5039.5,0.0,7
1457,0,72800,STARFRUIT,5036,30,,,,,5043,30,,,,,5039.5,0.0,7
1459,0,72900,STARFRUIT,5036,24,,,,,5043,24,,,,,5039.5,0.0,7
1461,0,73000,STARFRUIT,5037,2,5036.0,24.0,,,5043,26,,,,,5040.0,0.0,6
1462,0,73100,STARFRUIT,5037,26,,,,,5043,2,5044.0,24.0,,,5040.0,0.0,6
1465,0,73200,STARFRUIT,5038,1,5037.0,31.0,,,5044,31,,,,,5041.0,0.0,6
1467,0,73300,STARFRUIT,5037,24,,,,,5044,24,,,,,5040.5,0.0,7
1469,0,73400,STARFRUIT,5039,3,5038.0,30.0,,,5044,1,5045.0,29.0,,,5041.5,0.0,5
1470,0,73500,STARFRUIT,5038,21,,,,,5045,21,,,,,5041.5,0.0,7
1473,0,73600,STARFRUIT,5038,21,,,,,5045,21,,,,,5041.5,0.0,7
1475,0,73700,STARFRUIT,5043,1,5038.0,20.0,,,5045,20,,,,,5044.0,0.0,2
1477,0,73800,STARFRUIT,5043,5,5038.0,27.0,,,5045,27,,,,,5044.0,0.0,2
1478,0,73900,STARFRUIT,5039,2,5038.0,22.0,,,5045,2,5046.0,22.0,,,5042.0,0.0,6
1481,0,74000,STARFRUIT,5038,21,,,,,5045,21,,,,,5041.5,0.0,7
1483,0,74100,STARFRUIT,5038,26,,,,,5045,26,,,,,5041.5,0.0,7
1484,0,74200,STARFRUIT,5038,29,,,,,5043,2,5045.0,29.0,,,5040.5,0.0,5
1486,0,74300,STARFRUIT,5044,1,5038.0,24.0,,,5045,24,,,,,5044.5,0.0,1
1488,0,74400,STARFRUIT,5043,2,5039.0,21.0,,,5046,21,,,,,5044.5,0.0,3
1491,0,74500,STARFRUIT,5039,27,,,,,5046,27,,,,,5042.5,0.0,7
1492,0,74600,STARFRUIT,5039,28,,,,,5046,29,,,,,5042.5,0.0,7
1494,0,74700,STARFRUIT,5039,22,,,,,5044,5,5046.0,22.0,,,5041.5,0.0,5
1496,0,74800,STARFRUIT,5039,2,5038.0,22.0,,,5045,24,,,,,5042.0,0.0,6
1499,0,74900,STARFRUIT,5039,1,5038.0,21.0,,,5045,1,5046.0,21.0,,,5042.0,0.0,6
1500,0,75000,STARFRUIT,5039,2,5038.0,23.0,,,5045,25,,,,,5042.0,0.0,6
1502,0,75100,STARFRUIT,5041,4,5039.0,2.0,5038.0,21.0,5045,2,5046.0,21.0,,,5043.0,0.0,4
1504,0,75200,STARFRUIT,5039,29,,,,,5046,29,,,,,5042.5,0.0,7
1507,0,75300,STARFRUIT,5040,26,,,,,5045,6,5047.0,27.0,,,5042.5,0.0,5
1508,0,75400,STARFRUIT,5039,28,,,,,5046,28,,,,,5042.5,0.0,7
1510,0,75500,STARFRUIT,5039,24,,,,,5046,24,,,,,5042.5,0.0,7
1512,0,75600,STARFRUIT,5043,4,5039.0,8.0,5038.0,30.0,5046,30,,,,,5044.5,0.0,3
1515,0,75700,STARFRUIT,5039,20,,,,,5046,20,,,,,5042.5,0.0,7
1516,0,75800,STARFRUIT,5040,8,5039.0,31.0,,,5046,31,,,,,5043.0,0.0,6
1518,0,75900,STARFRUIT,5039,21,,,,,5045,1,5046.0,20.0,,,5042.0,0.0,6
1520,0,76000,STARFRUIT,5041,4,5038.0,21.0,,,5043,5,5045.0,21.0,,,5042.0,0.0,2
1523,0,76100,STARFRUIT,5038,26,,,,,5043,5,5045.0,26.0,,,5040.5,0.0,5
1524,0,76200,STARFRUIT,5038,2,5037.0,20.0,,,5044,20,,,,,5041.0,0.0,6
1526,0,76300,STARFRUIT,5037,21,,,,,5042,1,5044.0,22.0,,,5039.5,0.0,5
1528,0,76400,STARFRUIT,5037,28,,,,,5038,3,5044.0,28.0,,,5037.5,0.0,1
1531,0,76500,STARFRUIT,5038,1,5037.0,20.0,,,5044,21,,,,,5041.0,0.0,6
1532,0,76600,STARFRUIT,5043,1,5039.0,8.0,5038.0,30.0,5045,30,,,,,5044.0,0.0,2
1535,0,76700,STARFRUIT,5040,1,5039.0,26.0,,,5045,1,5046.0,25.0,,,5042.5,0.0,5
1537,0,76800,STARFRUIT,5039,26,,,,,5046,27,,,,,5042.5,0.0,7
1539,0,76900,STARFRUIT,5041,4,5040.0,23.0,,,5046,2,5047.0,21.0,,,5043.5,0.0,5
1540,0,77000,STARFRUIT,5040,32,,,,,5045,4,5047.0,32.0,,,5042.5,0.0,5
1543,0,77100,STARFRUIT,5041,5,5040.0,30.0,,,5047,30,,,,,5044.0,0.0,6
1545,0,77200,STARFRUIT,5040,30,,,,,5047,30,,,,,5043.5,0.0,7
1547,0,77300,STARFRUIT,5040,24,,,,,5047,24,,,,,5043.5,0.0,7
1548,0,77400,STARFRUIT,5041,7,5040.0,22.0,,,5042,4,5047.0,22.0,,,5041.5,0.0,1
1551,0,77500,STARFRUIT,5041,8,5040.0,28.0,,,5047,28,,,,,5044.0,0.0,6
1553,0,77600,STARFRUIT,5045,3,5041.0,31.0,,,5047,1,5048.0,30.0,,,5046.0,0.0,2
1555,0,77700,STARFRUIT,5042,8,5041.0,28.0,,,5048,28,,,,,5045.0,0.0,6
1556,0,77800,STARFRUIT,5041,29,,,,,5048,29,,,,,5044.5,0.0,7
1559,0,77900,STARFRUIT,5042,26,,,,,5048,2,5049.0,24.0,,,5045.0,0.0,6
1561,0,78000,STARFRUIT,5043,27,,,,,5049,1,5050.0,27.0,,,5046.0,0.0,6
1563,0,78100,STARFRUIT,5042,31,,,,,5049,31,,,,,5045.5,0.0,7
1564,0,78200,STARFRUIT,5043,1,5042.0,27.0,,,5049,28,,,,,5046.0,0.0,6
1567,0,78300,STARFRUIT,5042,28,,,,,5049,28,,,,,5045.5,0.0,7
1569,0,78400,STARFRUIT,5043,3,5042.0,26.0,,,5049,28,,,,,5046.0,0.0,6
1571,0,78500,STARFRUIT,5043,21,,,,,5050,21,,,,,5046.5,0.0,7
1573,0,78600,STARFRUIT,5043,2,5042.0,30.0,,,5047,1,5049.0,32.0,,,5045.0,0.0,4
1575,0,78700,STARFRUIT,5042,21,,,,,5049,21,,,,,5045.5,0.0,7
1577,0,78800,STARFRUIT,5047,1,5042.0,29.0,,,5049,29,,,,,5048.0,0.0,2
1578,0,78900,STARFRUIT,5042,30,,,,,5048,1,5049.0,29.0,,,5045.0,0.0,6
1581,0,79000,STARFRUIT,5042,24,,,,,5049,24,,,,,5045.5,0.0,7
1583,0,79100,STARFRUIT,5047,3,5042.0,24.0,,,5049,24,,,,,5048.0,0.0,2
1585,0,79200,STARFRUIT,5043,1,5042.0,25.0,,,5047,6,5049.0,26.0,,,5045.0,0.0,4
1586,0,79300,STARFRUIT,5043,1,5042.0,22.0,,,5049,23,,,,,5046.0,0.0,6
1589,0,79400,STARFRUIT,5042,22,,,,,5049,22,,,,,5045.5,0.0,7
1591,0,79500,STARFRUIT,5043,28,,,,,5049,2,5050.0,26.0,,,5046.0,0.0,6
1593,0,79600,STARFRUIT,5044,24,,,,,5051,24,,,,,5047.5,0.0,7
1594,0,79700,STARFRUIT,5044,2,5043.0,29.0,,,5050,31,,,,,5047.0,0.0,6
1597,0,79800,STARFRUIT,5050,1,5044.0,26.0,,,5051,26,,,,,5050.5,0.0,1
1599,0,79900,STARFRUIT,5045,7,5044.0,22.0,,,5051,22,,,,,5048.0,0.0,6
1601,0,80000,STARFRUIT,5046,6,5045.0,25.0,,,5051,1,5052.0,24.0,,,5048.5,0.0,5
1602,0,80100,STARFRUIT,5045,23,,,,,5050,4,5052.0,23.0,,,5047.5,0.0,5
1605,0,80200,STARFRUIT,5045,22,,,,,5051,2,5052.0,20.0,,,5048.0,0.0,6
1607,0,80300,STARFRUIT,5045,23,,,,,5052,23,,,,,5048.5,0.0,7
1609,0,80400,STARFRUIT,5046,22,,,,,5047,2,5053.0,22.0,,,5046.5,0.0,1
1610,0,80500,STARFRUIT,5046,27,,,,,5051,4,5052.0,2.0,5053.0,25.0,5048.5,0.0,5
1613,0,80600,STARFRUIT,5047,5,5046.0,21.0,,,5053,21,,,,,5050.0,0.0,6
1615,0,80700,STARFRUIT,5046,31,,,,,5052,1,5053.0,30.0,,,5049.0,0.0,6
1617,0,80800,STARFRUIT,5045,30,,,,,5050,2,5052.0,30.0,,,5047.5,0.0,5
1618,0,80900,STARFRUIT,5045,26,,,,,5051,2,5052.0,24.0,,,5048.0,0.0,6
1621,0,81000,STARFRUIT,5045,22,,,,,5052,22,,,,,5048.5,0.0,7
1623,0,81100,STARFRUIT,5045,26,,,,,5050,4,5052.0,26.0,,,5047.5,0.0,5
1625,0,81200,STARFRUIT,5044,23,,,,,5049,1,5051.0,23.0,,,5046.5,0.0,5
1626,0,81300,STARFRUIT,5044,29,,,,,5049,4,5051.0,29.0,,,5046.5,0.0,5
1629,0,81400,STARFRUIT,5044,31,,,,,5051,31,,,,,5047.5,0.0,7
1631,0,81500,STARFRUIT,5044,4,5043.0,28.0,,,5050,30,,,,,5047.0,0.0,6
1633,0,81600,STARFRUIT,5045,4,5044.0,25.0,,,5050,1,5051.0,24.0,,,5047.5,0.0,5
1634,0,81700,STARFRUIT,5044,25,,,,,5049,1,5051.0,26.0,,,5046.5,0.0,5
1637,0,81800,STARFRUIT,5049,1,5045.0,1.0,5044.0,28.0,5051,28,,,,,5050.0,0.0,2
1639,0,81900,STARFRUIT,5045,1,5044.0,23.0,,,5046,4,5051.0,24.0,,,5045.5,0.0,1
1641,0,82000,STARFRUIT,5044,23,,,,,5051,24,,,,,5047.5,0.0,7
1642,0,82100,STARFRUIT,5045,24,,,,,5052,24,,,,,5048.5,0.0,7
1645,0,82200,STARFRUIT,5045,24,,,,,5052,24,,,,,5048.5,0.0,7
1647,0,82300,STARFRUIT,5044,30,,,,,5051,30,,,,,5047.5,0.0,7
1649,0,82400,STARFRUIT,5045,25,,,,,5052,25,,,,,5048.5,0.0,7
1650,0,82500,STARFRUIT,5050,1,5045.0,26.0,,,5052,26,,,,,5051.0,0.0,2
1653,0,82600,STARFRUIT,5046,3,5045.0,25.0,,,5052,26,,,,,5049.0,0.0,6
1655,0,82700,STARFRUIT,5046,27,,,,,5052,1,5053.0,27.0,,,5049.0,0.0,6
1657,0,82800,STARFRUIT,5046,23,,,,,5053,23,,,,,5049.5,0.0,7
1658,0,82900,STARFRUIT,5046,22,,,,,5051,6,5052.0,1.0,5053.0,21.0,5048.5,0.0,5
1661,0,83000,STARFRUIT,5045,23,,,,,5053,23,,,,,5049.0,0.0,8
1663,0,83100,STARFRUIT,5045,28,,,,,5052,28,,,,,5048.5,0.0,7
1664,0,83200,STARFRUIT,5046,30,,,,,5053,30,,,,,5049.5,0.0,7
1666,0,83300,STARFRUIT,5045,30,,,,,5052,30,,,,,5048.5,0.0,7
1668,0,83400,STARFRUIT,5045,27,,,,,5046,7,5052.0,27.0,,,5045.5,0.0,1
1671,0,83500,STARFRUIT,5046,24,,,,,5051,1,5053.0,24.0,,,5048.5,0.0,5
1672,0,83600,STARFRUIT,5045,27,,,,,5052,27,,,,,5048.5,0.0,7
1674,0,83700,STARFRUIT,5046,29,,,,,5053,29,,,,,5049.5,0.0,7
1676,0,83800,STARFRUIT,5046,24,,,,,5054,24,,,,,5050.0,0.0,8
1679,0,83900,STARFRUIT,5046,25,,,,,5053,25,,,,,5049.5,0.0,7
1680,0,84000,STARFRUIT,5046,22,,,,,5053,22,,,,,5049.5,0.0,7
1682,0,84100,STARFRUIT,5051,1,5046.0,1.0,5045.0,23.0,5052,24,,,,,5051.5,0.0,1
1684,0,84200,STARFRUIT,5046,30,,,,,5051,5,5053.0,30.0,,,5048.5,0.0,5
1687,0,84300,STARFRUIT,5046,2,5045.0,24.0,,,5052,2,5053.0,24.0,,,5049.0,0.0,6
1688,0,84400,STARFRUIT,5046,24,,,,,5051,5,5052.0,1.0,5053.0,23.0,5048.5,0.0,5
1690,0,84500,STARFRUIT,5046,28,,,,,5051,4,5053.0,28.0,,,5048.5,0.0,5
1692,0,84600,STARFRUIT,5046,21,,,,,5053,21,,,,,5049.5,0.0,7
1695,0,84700,STARFRUIT,5046,32,,,,,5053,32,,,,,5049.5,0.0,7
1696,0,84800,STARFRUIT,5051,1,5046.0,23.0,,,5053,23,,,,,5052.0,0.0,2
1698,0,84900,STARFRUIT,5047,29,,,,,5053,1,5054.0,28.0,,,5050.0,0.0,6
1700,0,85000,STARFRUIT,5047,29,,,,,5054,29,,,,,5050.5,0.0,7
1703,0,85100,STARFRUIT,5047,22,,,,,5052,3,5054.0,22.0,,,5049.5,0.0,5
1704,0,85200,STARFRUIT,5047,2,5046.0,25.0,,,5051,2,5053.0,27.0,,,5049.0,0.0,4
1706,0,85300,STARFRUIT,5046,22,,,,,5051,8,5053.0,22.0,,,5048.5,0.0,5
1709,0,85400,STARFRUIT,5052,1,5047.0,5.0,5046.0,29.0,5054,29,,,,,5053.0,0.0,2
1711,0,85500,STARFRUIT,5047,2,5046.0,30.0,,,5053,32,,,,,5050.0,0.0,6
1712,0,85600,STARFRUIT,5047,27,,,,,5054,27,,,,,5050.5,0.0,7
1715,0,85700,STARFRUIT,5047,22,,,,,5054,22,,,,,5050.5,0.0,7
1717,0,85800,STARFRUIT,5048,1,5047.0,22.0,,,5054,22,,,,,5051.0,0.0,6
1719,0,85900,STARFRUIT,5047,8,5046.0,20.0,,,5053,21,,,,,5050.0,0.0,6
1720,0,86000,STARFRUIT,5047,21,,,,,5052,1,5053.0,1.0,5054.0,20.0,5049.5,0.0,5
1723,0,86100,STARFRUIT,5048,5,5047.0,22.0,,,5054,22,,,,,5051.0,0.0,6
1725,0,86200,STARFRUIT,5047,22,,,,,5054,22,,,,,5050.5,0.0,7
1727,0,86300,STARFRUIT,5048,23,,,,,5055,23,,,,,5051.5,0.0,7
1728,0,86400,STARFRUIT,5048,23,,,,,5056,23,,,,,5052.0,0.0,8
1731,0,86500,STARFRUIT,5049,30,,,,,5056,30,,,,,5052.5,0.0,7
1733,0,86600,STARFRUIT,5048,27,,,,,5053,1,5055.0,27.0,,,5050.5,0.0,5
1735,0,86700,STARFRUIT,5048,26,,,,,5055,26,,,,,5051.5,0.0,7
1736,0,86800,STARFRUIT,5048,21,,,,,5053,6,5055.0,21.0,,,5050.5,0.0,5
1739,0,86900,STARFRUIT,5048,32,,,,,5051,1,5053.0,6.0,5055.0,32.0,5049.5,0.0,3
1741,0,87000,STARFRUIT,5048,28,,,,,5051,5,5055.0,28.0,,,5049.5,0.0,3
1743,0,87100,STARFRUIT,5049,32,,,,,5052,5,5056.0,32.0,,,5050.5,0.0,3
1744,0,87200,STARFRUIT,5050,7,5049.0,27.0,,,5056,27,,,,,5053.0,0.0,6
1747,0,87300,STARFRUIT,5049,31,,,,,5054,5,5056.0,31.0,,,5051.5,0.0,5
1749,0,87400,STARFRUIT,5049,30,,,,,5056,30,,,,,5052.5,0.0,7
1750,0,87500,STARFRUIT,5049,22,,,,,5054,1,5056.0,22.0,,,5051.5,0.0,5
1753,0,87600,STARFRUIT,5049,1,5048.0,25.0,,,5055,26,,,,,5052.0,0.0,6
1755,0,87700,STARFRUIT,5049,23,,,,,5054,4,5056.0,23.0,,,5051.5,0.0,5
1757,0,87800,STARFRUIT,5049,27,,,,,5056,27,,,,,5052.5,0.0,7
1758,0,87900,STARFRUIT,5055,1,5049.0,22.0,,,5056,22,,,,,5055.5,0.0,1
1761,0,88000,STARFRUIT,5050,28,,,,,5056,2,5057.0,26.0,,,5053.0,0.0,6
1763,0,88100,STARFRUIT,5050,31,,,,,5057,31,,,,,5053.5,0.0,7
1765,0,88200,STARFRUIT,5050,24,,,,,5057,24,,,,,5053.5,0.0,7
1766,0,88300,STARFRUIT,5052,1,5051.0,2.0,5050.0,27.0,5057,2,5058.0,27.0,,,5054.5,0.0,5
1769,0,88400,STARFRUIT,5055,9,5050.0,22.0,,,5057,22,,,,,5056.0,0.0,2
1771,0,88500,STARFRUIT,5051,24,,,,,5058,24,,,,,5054.5,0.0,7
1773,0,88600,STARFRUIT,5050,22,,,,,5057,22,,,,,5053.5,0.0,7
1774,0,88700,STARFRUIT,5049,28,,,,,5056,28,,,,,5052.5,0.0,7
1777,0,88800,STARFRUIT,5050,7,5049.0,29.0,,,5051,4,5056.0,30.0,,,5050.5,0.0,1
1779,0,88900,STARFRUIT,5050,2,5049.0,29.0,,,5054,5,5056.0,31.0,,,5052.0,0.0,4
1781,0,89000,STARFRUIT,5050,28,,,,,5057,28,,,,,5053.5,0.0,7
1782,0,89100,STARFRUIT,5056,1,5050.0,24.0,,,5057,24,,,,,5056.5,0.0,1
1785,0,89200,STARFRUIT,5055,1,5049.0,25.0,,,5056,25,,,,,5055.5,0.0,1
1787,0,89300,STARFRUIT,5049,28,,,,,5056,28,,,,,5052.5,0.0,7
1789,0,89400,STARFRUIT,5049,23,,,,,5056,23,,,,,5052.5,0.0,7
1790,0,89500,STARFRUIT,5054,1,5049.0,28.0,,,5056,28,,,,,5055.0,0.0,2
1793,0,89600,STARFRUIT,5049,26,,,,,5054,4,5055.0,1.0,5056.0,25.0,5051.5,0.0,5
1795,0,89700,STARFRUIT,5049,21,,,,,5056,21,,,,,5052.5,0.0,7
1797,0,89800,STARFRUIT,5052,6,5050.0,1.0,5049.0,30.0,5056,31,,,,,5054.0,0.0,4
1798,0,89900,STARFRUIT,5051,8,5050.0,22.0,,,5056,2,5057.0,20.0,,,5053.5,0.0,5
1801,0,90000,STARFRUIT,5050,29,,,,,5058,29,,,,,5054.0,0.0,8
1803,0,90100,STARFRUIT,5051,22,,,,,5057,1,5058.0,21.0,,,5054.0,0.0,6
1805,0,90200,STARFRUIT,5050,24,,,,,5057,24,,,,,5053.5,0.0,7
1806,0,90300,STARFRUIT,5051,8,5050.0,28.0,,,5057,28,,,,,5054.0,0.0,6
1809,0,90400,STARFRUIT,5051,26,,,,,5056,1,5057.0,1.0,5058.0,25.0,5053.5,0.0,5
1811,0,90500,STARFRUIT,5051,2,5050.0,25.0,,,5057,27,,,,,5054.0,0.0,6
1813,0,90600,STARFRUIT,5052,4,5051.0,24.0,,,5058,24,,,,,5055.0,0.0,6
1814,0,90700,STARFRUIT,5051,23,,,,,5056,8,5058.0,23.0,,,5053.5,0.0,5
1817,0,90800,STARFRUIT,5052,2,5051.0,25.0,,,5053,5,5058.0,27.0,,,5052.5,0.0,1
1819,0,90900,STARFRUIT,5051,23,,,,,5058,23,,,,,5054.5,0.0,7
1821,0,91000,STARFRUIT,5052,29,,,,,5058,2,5059.0,27.0,,,5055.0,0.0,6
1822,0,91100,STARFRUIT,5053,1,5052.0,28.0,,,5059,29,,,,,5056.0,0.0,6
1825,0,91200,STARFRUIT,5053,2,5052.0,22.0,,,5055,2,5059.0,24.0,,,5054.0,0.0,2
1827,0,91300,STARFRUIT,5053,30,,,,,5060,30,,,,,5056.5,0.0,7
1829,0,91400,STARFRUIT,5054,26,,,,,5061,27,,,,,5057.5,0.0,7
1830,0,91500,STARFRUIT,5054,30,,,,,5061,30,,,,,5057.5,0.0,7
1833,0,91600,STARFRUIT,5053,22,,,,,5054,1,5058.0,2.0,5060.0,22.0,5053.5,0.0,1
1835,0,91700,STARFRUIT,5053,31,,,,,5060,31,,,,,5056.5,0.0,7
1837,0,91800,STARFRUIT,5054,30,,,,,5060,1,5061.0,29.0,,,5057.0,0.0,6
1838,0,91900,STARFRUIT,5059,1,5054.0,24.0,,,5061,24,,,,,5060.0,0.0,2
1840,0,92000,STARFRUIT,5054,26,,,,,5061,26,,,,,5057.5,0.0,7
1843,0,92100,STARFRUIT,5054,23,,,,,5061,23,,,,,5057.5,0.0,7
1844,0,92200,STARFRUIT,5054,26,,,,,5061,26,,,,,5057.5,0.0,7
1846,0,92300,STARFRUIT,5054,27,,,,,5059,7,5061.0,27.0,,,5056.5,0.0,5
1848,0,92400,STARFRUIT,5060,1,5055.0,1.0,5054.0,21.0,5061,22,,,,,5060.5,0.0,1
1851,0,92500,STARFRUIT,5054,22,,,,,5060,2,5061.0,20.0,,,5057.0,0.0,6
1852,0,92600,STARFRUIT,5054,26,,,,,5061,26,,,,,5057.5,0.0,7
1854,0,92700,STARFRUIT,5053,21,,,,,5060,21,,,,,5056.5,0.0,7
1856,0,92800,STARFRUIT,5054,20,,,,,5061,20,,,,,5057.5,0.0,7
1859,0,92900,STARFRUIT,5054,25,,,,,5062,25,,,,,5058.0,0.0,8
1860,0,93000,STARFRUIT,5054,25,,,,,5061,25,,,,,5057.5,0.0,7
1862,0,93100,STARFRUIT,5054,28,,,,,5061,28,,,,,5057.5,0.0,7
1864,0,93200,STARFRUIT,5055,2,5054.0,28.0,,,5061,30,,,,,5058.0,0.0,6
1867,0,93300,STARFRUIT,5055,4,5054.0,30.0,,,5061,30,,,,,5058.0,0.0,6
1868,0,93400,STARFRUIT,5054,30,,,,,5061,30,,,,,5057.5,0.0,7
1870,0,93500,STARFRUIT,5054,20,,,,,5061,20,,,,,5057.5,0.0,7
1872,0,93600,STARFRUIT,5055,21,,,,,5058,2,5060.0,7.0,5062.0,21.0,5056.5,0.0,3
1875,0,93700,STARFRUIT,5056,2,5055.0,23.0,,,5060,3,5062.0,25.0,,,5058.0,0.0,4
1876,0,93800,STARFRUIT,5056,26,,,,,5062,1,5063.0,25.0,,,5059.0,0.0,6
1878,0,93900,STARFRUIT,5056,28,,,,,5063,28,,,,,5059.5,0.0,7
1880,0,94000,STARFRUIT,5062,1,5057.0,1.0,5056.0,20.0,5063,21,,,,,5062.5,0.0,1
1883,0,94100,STARFRUIT,5056,27,,,,,5061,6,5063.0,27.0,,,5058.5,0.0,5
1884,0,94200,STARFRUIT,5056,23,,,,,5063,23,,,,,5059.5,0.0,7
1887,0,94300,STARFRUIT,5056,26,,,,,5063,26,,,,,5059.5,0.0,7
1889,0,94400,STARFRUIT,5057,29,,,,,5058,9,5063.0,2.0,5064.0,27.0,5057.5,0.0,1
1891,0,94500,STARFRUIT,5057,20,,,,,5064,20,,,,,5060.5,0.0,7
1892,0,94600,STARFRUIT,5057,25,,,,,5064,25,,,,,5060.5,0.0,7
1895,0,94700,STARFRUIT,5057,20,,,,,5064,20,,,,,5060.5,0.0,7
1897,0,94800,STARFRUIT,5057,24,,,,,5062,8,5063.0,1.0,5064.0,23.0,5059.5,0.0,5
1899,0,94900,STARFRUIT,5056,2,5055.0,28.0,,,5062,30,,,,,5059.0,0.0,6
1900,0,95000,STARFRUIT,5056,28,,,,,5063,28,,,,,5059.5,0.0,7
1903,0,95100,STARFRUIT,5056,21,,,,,5063,21,,,,,5059.5,0.0,7
1905,0,95200,STARFRUIT,5056,22,,,,,5063,22,,,,,5059.5,0.0,7
1907,0,95300,STARFRUIT,5056,23,,,,,5062,1,5063.0,22.0,,,5059.0,0.0,6
1908,0,95400,STARFRUIT,5056,31,,,,,5063,31,,,,,5059.5,0.0,7
1911,0,95500,STARFRUIT,5057,1,5056.0,27.0,,,5061,7,5063.0,28.0,,,5059.0,0.0,4
1913,0,95600,STARFRUIT,5060,3,5056.0,23.0,,,5063,23,,,,,5061.5,0.0,3
1915,0,95700,STARFRUIT,5056,26,,,,,5062,2,5063.0,24.0,,,5059.0,0.0,6
1916,0,95800,STARFRUIT,5056,28,,,,,5063,28,,,,,5059.5,0.0,7
1919,0,95900,STARFRUIT,5056,25,,,,,5061,1,5063.0,25.0,,,5058.5,0.0,5
1921,0,96000,STARFRUIT,5057,3,5056.0,28.0,,,5063,30,,,,,5060.0,0.0,6
1923,0,96100,STARFRUIT,5056,22,,,,,5063,22,,,,,5059.5,0.0,7
1924,0,96200,STARFRUIT,5056,22,,,,,5061,4,5063.0,22.0,,,5058.5,0.0,5
1927,0,96300,STARFRUIT,5061,1,5056.0,22.0,,,5063,22,,,,,5062.0,0.0,2
1929,0,96400,STARFRUIT,5057,3,5056.0,30.0,,,5063,32,,,,,5060.0,0.0,6
1930,0,96500,STARFRUIT,5056,30,,,,,5063,30,,,,,5059.5,0.0,7
1933,0,96600,STARFRUIT,5057,2,5056.0,20.0,,,5063,20,,,,,5060.0,0.0,6
1935,0,96700,STARFRUIT,5055,24,,,,,5060,8,5062.0,24.0,,,5057.5,0.0,5
1937,0,96800,STARFRUIT,5055,26,,,,,5062,26,,,,,5058.5,0.0,7
1938,0,96900,STARFRUIT,5060,1,5056.0,3.0,5055.0,28.0,5062,28,,,,,5061.0,0.0,2
1941,0,97000,STARFRUIT,5054,22,,,,,5061,22,,,,,5057.5,0.0,7
1943,0,97100,STARFRUIT,5058,4,5054.0,32.0,,,5059,8,5061.0,32.0,,,5058.5,0.0,1
1945,0,97200,STARFRUIT,5054,2,5053.0,20.0,,,5060,22,,,,,5057.0,0.0,6
1946,0,97300,STARFRUIT,5053,28,,,,,5060,28,,,,,5056.5,0.0,7
1949,0,97400,STARFRUIT,5053,6,5052.0,23.0,,,5059,23,,,,,5056.0,0.0,6
1951,0,97500,STARFRUIT,5053,3,5052.0,22.0,,,5059,24,,,,,5056.0,0.0,6
1953,0,97600,STARFRUIT,5052,26,,,,,5059,26,,,,,5055.5,0.0,7
1954,0,97700,STARFRUIT,5052,27,,,,,5057,5,5059.0,27.0,,,5054.5,0.0,5
1957,0,97800,STARFRUIT,5051,24,,,,,5059,24,,,,,5055.0,0.0,8
1959,0,97900,STARFRUIT,5052,28,,,,,5059,28,,,,,5055.5,0.0,7
1961,0,98000,STARFRUIT,5052,22,,,,,5058,1,5059.0,21.0,,,5055.0,0.0,6
1962,0,98100,STARFRUIT,5052,30,,,,,5059,30,,,,,5055.5,0.0,7
1965,0,98200,STARFRUIT,5052,21,,,,,5059,21,,,,,5055.5,0.0,7
1967,0,98300,STARFRUIT,5052,28,,,,,5059,28,,,,,5055.5,0.0,7
1969,0,98400,STARFRUIT,5052,23,,,,,5059,23,,,,,5055.5,0.0,7
1970,0,98500,STARFRUIT,5052,27,,,,,5059,27,,,,,5055.5,0.0,7
1973,0,98600,STARFRUIT,5052,31,,,,,5057,8,5059.0,31.0,,,5054.5,0.0,5
1975,0,98700,STARFRUIT,5052,27,,,,,5057,5,5059.0,27.0,,,5054.5,0.0,5
1977,0,98800,STARFRUIT,5052,21,,,,,5058,1,5059.0,20.0,,,5055.0,0.0,6
1978,0,98900,STARFRUIT,5055,4,5051.0,25.0,,,5058,25,,,,,5056.5,0.0,3
1981,0,99000,STARFRUIT,5051,24,,,,,5058,24,,,,,5054.5,0.0,7
1983,0,99100,STARFRUIT,5050,28,,,,,5057,28,,,,,5053.5,0.0,7
1985,0,99200,STARFRUIT,5054,3,5050.0,24.0,,,5057,24,,,,,5055.5,0.0,3
1986,0,99300,STARFRUIT,5049,27,,,,,5051,3,5057.0,27.0,,,5050.0,0.0,2
1989,0,99400,STARFRUIT,5049,27,,,,,5054,3,5056.0,27.0,,,5051.5,0.0,5
1991,0,99500,STARFRUIT,5050,1,5049.0,22.0,,,5056,23,,,,,5053.0,0.0,6
1993,0,99600,STARFRUIT,5049,28,,,,,5056,28,,,,,5052.5,0.0,7
1994,0,99700,STARFRUIT,5050,29,,,,,5057,29,,,,,5053.5,0.0,7
1997,0,99800,STARFRUIT,5050,25,,,,,5052,3,5057.0,26.0,,,5051.0,0.0,2
1999,0,99900,STARFRUIT,5051,3,5050.0,26.0,,,5057,26,,,,,5054.0,0.0,6
2001,0,100000,STARFRUIT,5050,22,,,,,5057,22,,,,,5053.5,0.0,7
2002,0,100100,STARFRUIT,5050,25,,,,,5057,26,,,,,5053.5,0.0,7
2005,0,100200,STARFRUIT,5049,30,,,,,5056,30,,,,,5052.5,0.0,7
2007,0,100300,STARFRUIT,5050,28,,,,,5057,28,,,,,5053.5,0.0,7
2009,0,100400,STARFRUIT,5050,5,5049.0,24.0,,,5056,25,,,,,5053.0,0.0,6
2010,0,100500,STARFRUIT,5050,1,5049.0,27.0,,,5056,27,,,,,5053.0,0.0,6
2013,0,100600,STARFRUIT,5054,1,5049.0,4.0,5048.0,21.0,5055,2,5056.0,21.0,,,5054.5,0.0,1
2015,0,100700,STARFRUIT,5049,6,5048.0,30.0,,,5055,30,,,,,5052.0,0.0,6
2016,0,100800,STARFRUIT,5048,23,,,,,5053,7,5055.0,23.0,,,5050.5,0.0,5
2018,0,100900,STARFRUIT,5048,24,,,,,5055,24,,,,,5051.5,0.0,7
2020,0,101000,STARFRUIT,5048,7,5047.0,20.0,,,5054,22,,,,,5051.0,0.0,6
2023,0,101100,STARFRUIT,5053,11,5048.0,27.0,,,5055,27,,,,,5054.0,0.0,2
2024,0,101200,STARFRUIT,5047,28,,,,,5054,28,,,,,5050.5,0.0,7
2026,0,101300,STARFRUIT,5047,20,,,,,5054,20,,,,,5050.5,0.0,7
2028,0,101400,STARFRUIT,5046,21,,,,,5053,21,,,,,5049.5,0.0,7
2031,0,101500,STARFRUIT,5047,1,5046.0,20.0,,,5051,1,5053.0,21.0,,,5049.0,0.0,4
2032,0,101600,STARFRUIT,5047,2,5046.0,22.0,,,5053,24,,,,,5050.0,0.0,6
2034,0,101700,STARFRUIT,5046,5,5045.0,26.0,,,5052,27,,,,,5049.0,0.0,6
2036,0,101800,STARFRUIT,5046,31,,,,,5051,1,5052.0,2.0,5053.0,29.0,5048.5,0.0,5
2039,0,101900,STARFRUIT,5045,23,,,,,5046,6,5052.0,25.0,,,5045.5,0.0,1
2040,0,102000,STARFRUIT,5046,28,,,,,5053,28,,,,,5049.5,0.0,7
2042,0,102100,STARFRUIT,5046,10,5045.0,27.0,,,5048,4,5052.0,2.0,5053.0,27.0,5047.0,0.0,2
2044,0,102200,STARFRUIT,5045,26,,,,,5052,26,,,,,5048.5,0.0,7
2047,0,102300,STARFRUIT,5045,28,,,,,5046,1,5050.0,6.0,5052.0,28.0,5045.5,0.0,1
2048,0,102400,STARFRUIT,5046,28,,,,,5047,5,5053.0,28.0,,,5046.5,0.0,1
2050,0,102500,STARFRUIT,5046,27,,,,,5053,27,,,,,5049.5,0.0,7
2052,0,102600,STARFRUIT,5047,28,,,,,5054,28,,,,,5050.5,0.0,7
2055,0,102700,STARFRUIT,5047,21,,,,,5054,21,,,,,5050.5,0.0,7
2056,0,102800,STARFRUIT,5047,27,,,,,5054,27,,,,,5050.5,0.0,7
2058,0,102900,STARFRUIT,5052,1,5047.0,25.0,,,5053,1,5054.0,24.0,,,5052.5,0.0,1
2060,0,103000,STARFRUIT,5046,27,,,,,5053,27,,,,,5049.5,0.0,7
2063,0,103100,STARFRUIT,5046,22,,,,,5049,6,5052.0,1.0,5053.0,21.0,5047.5,0.0,3
2064,0,103200,STARFRUIT,5045,30,,,,,5052,30,,,,,5048.5,0.0,7
2067,0,103300,STARFRUIT,5046,1,5045.0,22.0,,,5052,22,,,,,5049.0,0.0,6
2069,0,103400,STARFRUIT,5045,27,,,,,5052,27,,,,,5048.5,0.0,7
2071,0,103500,STARFRUIT,5045,27,,,,,5052,27,,,,,5048.5,0.0,7
2072,0,103600,STARFRUIT,5045,27,,,,,5052,27,,,,,5048.5,0.0,7
2075,0,103700,STARFRUIT,5045,30,,,,,5052,30,,,,,5048.5,0.0,7
2077,0,103800,STARFRUIT,5045,32,,,,,5050,2,5052.0,32.0,,,5047.5,0.0,5
2079,0,103900,STARFRUIT,5045,28,,,,,5052,28,,,,,5048.5,0.0,7
2080,0,104000,STARFRUIT,5045,22,,,,,5052,22,,,,,5048.5,0.0,7
2083,0,104100,STARFRUIT,5045,31,,,,,5052,31,,,,,5048.5,0.0,7
2085,0,104200,STARFRUIT,5046,2,5045.0,29.0,,,5050,8,5052.0,31.0,,,5048.0,0.0,4
2087,0,104300,STARFRUIT,5045,21,,,,,5050,3,5052.0,21.0,,,5047.5,0.0,5
2088,0,104400,STARFRUIT,5046,24,,,,,5049,6,5052.0,1.0,5053.0,23.0,5047.5,0.0,3
2091,0,104500,STARFRUIT,5046,31,,,,,5053,31,,,,,5049.5,0.0,7
2093,0,104600,STARFRUIT,5046,26,,,,,5053,26,,,,,5049.5,0.0,7
2095,0,104700,STARFRUIT,5046,30,,,,,5051,5,5053.0,30.0,,,5048.5,0.0,5
2096,0,104800,STARFRUIT,5046,21,,,,,5053,21,,,,,5049.5,0.0,7
2099,0,104900,STARFRUIT,5046,24,,,,,5051,3,5053.0,24.0,,,5048.5,0.0,5
2101,0,105000,STARFRUIT,5047,21,,,,,5054,21,,,,,5050.5,0.0,7
2103,0,105100,STARFRUIT,5047,22,,,,,5054,22,,,,,5050.5,0.0,7
2104,0,105200,STARFRUIT,5047,30,,,,,5054,30,,,,,5050.5,0.0,7
2107,0,105300,STARFRUIT,5048,31,,,,,5053,8,5055.0,31.0,,,5050.5,0.0,5
2109,0,105400,STARFRUIT,5049,2,5048.0,21.0,,,5055,23,,,,,5052.0,0.0,6
2110,0,105500,STARFRUIT,5049,1,5048.0,27.0,,,5053,6,5055.0,29.0,,,5051.0,0.0,4
2113,0,105600,STARFRUIT,5048,28,,,,,5055,28,,,,,5051.5,0.0,7
2115,0,105700,STARFRUIT,5051,3,5048.0,29.0,,,5055,29,,,,,5053.0,0.0,4
2117,0,105800,STARFRUIT,5049,6,5048.0,32.0,,,5050,5,5055.0,32.0,,,5049.5,0.0,1
2118,0,105900,STARFRUIT,5048,23,,,,,5053,6,5055.0,23.0,,,5050.5,0.0,5
2121,0,106000,STARFRUIT,5053,1,5049.0,5.0,5048.0,28.0,5054,2,5055.0,26.0,,,5053.5,0.0,1
2123,0,106100,STARFRUIT,5048,1,5047.0,24.0,,,5054,25,,,,,5051.0,0.0,6
2125,0,106200,STARFRUIT,5047,29,,,,,5052,7,5054.0,29.0,,,5049.5,0.0,5
2126,0,106300,STARFRUIT,5047,24,,,,,5054,25,,,,,5050.5,0.0,7
2129,0,106400,STARFRUIT,5047,26,,,,,5053,2,5054.0,25.0,,,5050.0,0.0,6
2131,0,106500,STARFRUIT,5047,8,5046.0,25.0,,,5053,25,,,,,5050.0,0.0,6
2133,0,106600,STARFRUIT,5046,30,,,,,5053,30,,,,,5049.5,0.0,7
2134,0,106700,STARFRUIT,5046,31,,,,,5051,3,5053.0,31.0,,,5048.5,0.0,5
2137,0,106800,STARFRUIT,5046,2,5045.0,25.0,,,5052,2,5053.0,25.0,,,5049.0,0.0,6
2139,0,106900,STARFRUIT,5046,23,,,,,5053,23,,,,,5049.5,0.0,7
2141,0,107000,STARFRUIT,5046,30,,,,,5047,1,5051.0,1.0,5053.0,30.0,5046.5,0.0,1
2142,0,107100,STARFRUIT,5046,27,,,,,5053,27,,,,,5049.5,0.0,7
2145,0,107200,STARFRUIT,5046,23,,,,,5053,23,,,,,5049.5,0.0,7
2147,0,107300,STARFRUIT,5046,1,5045.0,22.0,,,5052,23,,,,,5049.0,0.0,6
2149,0,107400,STARFRUIT,5046,29,,,,,5053,29,,,,,5049.5,0.0,7
2150,0,107500,STARFRUIT,5046,27,,,,,5051,5,5053.0,27.0,,,5048.5,0.0,5
2153,0,107600,STARFRUIT,5047,24,,,,,5054,25,,,,,5050.5,0.0,7
2155,0,107700,STARFRUIT,5046,21,,,,,5053,21,,,,,5049.5,0.0,7
2157,0,107800,STARFRUIT,5046,31,,,,,5051,2,5053.0,31.0,,,5048.5,0.0,5
2158,0,107900,STARFRUIT,5051,1,5046.0,5.0,5045.0,25.0,5052,25,,,,,5051.5,0.0,1
2161,0,108000,STARFRUIT,5047,7,5046.0,23.0,,,5053,23,,,,,5050.0,0.0,6
2163,0,108100,STARFRUIT,5045,30,,,,,5052,30,,,,,5048.5,0.0,7
2165,0,108200,STARFRUIT,5045,25,,,,,5052,25,,,,,5048.5,0.0,7
2166,0,108300,STARFRUIT,5045,27,,,,,5046,1,5050.0,4.0,5052.0,27.0,5045.5,0.0,1
2169,0,108400,STARFRUIT,5045,20,,,,,5052,20,,,,,5048.5,0.0,7
2171,0,108500,STARFRUIT,5045,30,,,,,5046,5,5052.0,30.0,,,5045.5,0.0,1
2173,0,108600,STARFRUIT,5048,4,5046.0,2.0,5045.0,31.0,5051,1,5052.0,30.0,,,5049.5,0.0,3
2174,0,108700,STARFRUIT,5045,27,,,,,5052,27,,,,,5048.5,0.0,7
2177,0,108800,STARFRUIT,5051,1,5046.0,26.0,,,5052,2,5053.0,24.0,,,5051.5,0.0,1
2179,0,108900,STARFRUIT,5045,23,,,,,5052,23,,,,,5048.5,0.0,7
2181,0,109000,STARFRUIT,5046,1,5045.0,23.0,,,5052,1,5053.0,23.0,,,5049.0,0.0,6
2182,0,109100,STARFRUIT,5045,22,,,,,5050,2,5052.0,22.0,,,5047.5,0.0,5
2185,0,109200,STARFRUIT,5050,9,5045.0,25.0,,,5052,25,,,,,5051.0,0.0,2
2187,0,109300,STARFRUIT,5045,25,,,,,5052,25,,,,,5048.5,0.0,7
2189,0,109400,STARFRUIT,5045,25,,,,,5046,1,5052.0,25.0,,,5045.5,0.0,1
2190,0,109500,STARFRUIT,5045,30,,,,,5050,2,5052.0,30.0,,,5047.5,0.0,5
2193,0,109600,STARFRUIT,5045,20,,,,,5050,8,5052.0,21.0,,,5047.5,0.0,5
2195,0,109700,STARFRUIT,5046,4,5045.0,2.0,5044.0,26.0,5051,2,5052.0,26.0,,,5048.5,0.0,5
2196,0,109800,STARFRUIT,5044,27,,,,,5049,6,5051.0,27.0,,,5046.5,0.0,5
2198,0,109900,STARFRUIT,5045,29,,,,,5052,29,,,,,5048.5,0.0,7
2200,0,110000,STARFRUIT,5045,25,,,,,5050,2,5052.0,25.0,,,5047.5,0.0,5
2203,0,110100,STARFRUIT,5050,1,5044.0,25.0,,,5051,25,,,,,5050.5,0.0,1
2204,0,110200,STARFRUIT,5044,27,,,,,5051,28,,,,,5047.5,0.0,7
2206,0,110300,STARFRUIT,5044,27,,,,,5051,27,,,,,5047.5,0.0,7
2208,0,110400,STARFRUIT,5043,26,,,,,5050,26,,,,,5046.5,0.0,7
2211,0,110500,STARFRUIT,5044,21,,,,,5049,5,5051.0,21.0,,,5046.5,0.0,5
2212,0,110600,STARFRUIT,5044,27,,,,,5051,27,,,,,5047.5,0.0,7
2214,0,110700,STARFRUIT,5044,25,,,,,5050,2,5051.0,23.0,,,5047.0,0.0,6
2216,0,110800,STARFRUIT,5044,24,,,,,5051,24,,,,,5047.5,0.0,7
2219,0,110900,STARFRUIT,5044,26,,,,,5051,26,,,,,5047.5,0.0,7
2220,0,111000,STARFRUIT,5049,7,5045.0,3.0,5044.0,26.0,5051,26,,,,,5050.0,0.0,2
2222,0,111100,STARFRUIT,5044,21,,,,,5051,21,,,,,5047.5,0.0,7
2224,0,111200,STARFRUIT,5043,21,,,,,5044,2,5050.0,21.0,,,5043.5,0.0,1
2227,0,111300,STARFRUIT,5042,29,,,,,5049,1,5050.0,29.0,,,5045.5,0.0,7
2228,0,111400,STARFRUIT,5042,21,,,,,5049,21,,,,,5045.5,0.0,7
2230,0,111500,STARFRUIT,5043,1,5042.0,23.0,,,5047,4,5049.0,24.0,,,5045.0,0.0,4
2232,0,111600,STARFRUIT,5043,25,,,,,5049,1,5050.0,24.0,,,5046.0,0.0,6
2235,0,111700,STARFRUIT,5043,20,,,,,5050,20,,,,,5046.5,0.0,7
2236,0,111800,STARFRUIT,5043,25,,,,,5049,2,5050.0,23.0,,,5046.0,0.0,6
2238,0,111900,STARFRUIT,5044,2,5043.0,22.0,,,5050,24,,,,,5047.0,0.0,6
2241,0,112000,STARFRUIT,5044,1,5043.0,23.0,,,5048,5,5050.0,24.0,,,5046.0,0.0,4
2243,0,112100,STARFRUIT,5043,25,,,,,5050,25,,,,,5046.5,0.0,7
2244,0,112200,STARFRUIT,5043,20,,,,,5048,4,5050.0,20.0,,,5045.5,0.0,5
2247,0,112300,STARFRUIT,5044,3,5043.0,27.0,,,5050,27,,,,,5047.0,0.0,6
2249,0,112400,STARFRUIT,5042,28,,,,,5047,8,5049.0,28.0,,,5044.5,0.0,5
2251,0,112500,STARFRUIT,5043,1,5042.0,24.0,,,5049,25,,,,,5046.0,0.0,6
2252,0,112600,STARFRUIT,5042,29,,,,,5049,29,,,,,5045.5,0.0,7
2255,0,112700,STARFRUIT,5043,1,5042.0,21.0,,,5049,22,,,,,5046.0,0.0,6
2257,0,112800,STARFRUIT,5047,4,5042.0,27.0,,,5049,27,,,,,5048.0,0.0,2
2259,0,112900,STARFRUIT,5042,25,,,,,5048,2,5049.0,23.0,,,5045.0,0.0,6
2260,0,113000,STARFRUIT,5042,4,5041.0,30.0,,,5048,30,,,,,5045.0,0.0,6
2263,0,113100,STARFRUIT,5041,22,,,,,5048,22,,,,,5044.5,0.0,7
2265,0,113200,STARFRUIT,5042,8,5041.0,24.0,,,5048,25,,,,,5045.0,0.0,6
2267,0,113300,STARFRUIT,5042,22,,,,,5048,2,5049.0,20.0,,,5045.0,0.0,6
2268,0,113400,STARFRUIT,5042,29,,,,,5049,29,,,,,5045.5,0.0,7
2271,0,113500,STARFRUIT,5048,1,5042.0,29.0,,,5049,29,,,,,5048.5,0.0,1
2273,0,113600,STARFRUIT,5042,24,,,,,5049,24,,,,,5045.5,0.0,7
2275,0,113700,STARFRUIT,5042,27,,,,,5048,1,5049.0,26.0,,,5045.0,0.0,6
2276,0,113800,STARFRUIT,5042,25,,,,,5048,2,5049.0,23.0,,,5045.0,0.0,6
2279,0,113900,STARFRUIT,5042,21,,,,,5049,21,,,,,5045.5,0.0,7
2281,0,114000,STARFRUIT,5042,27,,,,,5049,27,,,,,5045.5,0.0,7
2283,0,114100,STARFRUIT,5048,1,5042.0,30.0,,,5049,30,,,,,5048.5,0.0,1
2285,0,114200,STARFRUIT,5042,31,,,,,5049,31,,,,,5045.5,0.0,7
2287,0,114300,STARFRUIT,5042,1,5041.0,20.0,,,5046,2,5048.0,21.0,,,5044.0,0.0,4
2289,0,114400,STARFRUIT,5042,4,5041.0,27.0,,,5048,27,,,,,5045.0,0.0,6
2290,0,114500,STARFRUIT,5042,1,5041.0,25.0,,,5048,27,,,,,5045.0,0.0,6
2293,0,114600,STARFRUIT,5042,1,5041.0,27.0,,,5048,28,,,,,5045.0,0.0,6
2295,0,114700,STARFRUIT,5041,30,,,,,5048,30,,,,,5044.5,0.0,7
2297,0,114800,STARFRUIT,5041,21,,,,,5048,21,,,,,5044.5,0.0,7
2298,0,114900,STARFRUIT,5041,27,,,,,5047,2,5048.0,25.0,,,5044.0,0.0,6
2301,0,115000,STARFRUIT,5041,30,,,,,5047,2,5048.0,28.0,,,5044.0,0.0,6
2303,0,115100,STARFRUIT,5046,7,5041.0,27.0,,,5047,2,5048.0,25.0,,,5046.5,0.0,1
2305,0,115200,STARFRUIT,5041,28,,,,,5048,28,,,,,5044.5,0.0,7
2306,0,115300,STARFRUIT,5041,30,,,,,5046,4,5047.0,2.0,5048.0,28.0,5043.5,0.0,5
2309,0,115400,STARFRUIT,5041,1,5040.0,28.0,,,5047,29,,,,,5044.0,0.0,6
2311,0,115500,STARFRUIT,5041,25,,,,,5048,25,,,,,5044.5,0.0,7
2313,0,115600,STARFRUIT,5042,3,5041.0,31.0,,,5048,31,,,,,5045.0,0.0,6
2314,0,115700,STARFRUIT,5042,4,5041.0,31.0,,,5048,31,,,,,5045.0,0.0,6
2317,0,115800,STARFRUIT,5041,30,,,,,5048,30,,,,,5044.5,0.0,7
2319,0,115900,STARFRUIT,5040,28,,,,,5047,28,,,,,5043.5,0.0,7
2321,0,116000,STARFRUIT,5042,8,5041.0,30.0,,,5048,30,,,,,5045.0,0.0,6
2322,0,116100,STARFRUIT,5041,28,,,,,5046,6,5048.0,28.0,,,5043.5,0.0,5
2325,0,116200,STARFRUIT,5040,26,,,,,5047,26,,,,,5043.5,0.0,7
2327,0,116300,STARFRUIT,5040,26,,,,,5047,26,,,,,5043.5,0.0,7
2329,0,116400,STARFRUIT,5041,31,,,,,5047,2,5048.0,29.0,,,5044.0,0.0,6
2330,0,116500,STARFRUIT,5046,1,5041.0,29.0,,,5048,29,,,,,5047.0,0.0,2
2333,0,116600,STARFRUIT,5041,30,,,,,5042,5,5043.0,3.0,5048.0,30.0,5041.5,0.0,1
2335,0,116700,STARFRUIT,5042,1,5041.0,23.0,,,5048,23,,,,,5045.0,0.0,6
2337,0,116800,STARFRUIT,5040,30,,,,,5047,30,,,,,5043.5,0.0,7
2338,0,116900,STARFRUIT,5040,6,5039.0,29.0,,,5041,4,5046.0,29.0,,,5040.5,0.0,1
2341,0,117000,STARFRUIT,5041,7,5040.0,21.0,,,5047,21,,,,,5044.0,0.0,6
2343,0,117100,STARFRUIT,5040,26,,,,,5045,4,5047.0,26.0,,,5042.5,0.0,5
2345,0,117200,STARFRUIT,5041,1,5040.0,22.0,,,5045,2,5047.0,23.0,,,5043.0,0.0,4
2346,0,117300,STARFRUIT,5040,29,,,,,5041,8,5047.0,29.0,,,5040.5,0.0,1
2349,0,117400,STARFRUIT,5045,1,5040.0,32.0,,,5046,2,5047.0,30.0,,,5045.5,0.0,1
2351,0,117500,STARFRUIT,5040,23,,,,,5045,6,5047.0,23.0,,,5042.5,0.0,5
2353,0,117600,STARFRUIT,5041,7,5040.0,23.0,,,5047,23,,,,,5044.0,0.0,6
2354,0,117700,STARFRUIT,5041,24,,,,,5046,7,5047.0,1.0,5048.0,23.0,5043.5,0.0,5
2357,0,117800,STARFRUIT,5041,26,,,,,5042,3,5047.0,1.0,5048.0,25.0,5041.5,0.0,1
2359,0,117900,STARFRUIT,5042,5,5041.0,31.0,,,5048,31,,,,,5045.0,0.0,6
2361,0,118000,STARFRUIT,5047,1,5041.0,30.0,,,5048,30,,,,,5047.5,0.0,1
2362,0,118100,STARFRUIT,5041,20,,,,,5046,1,5048.0,20.0,,,5043.5,0.0,5
2365,0,118200,STARFRUIT,5045,4,5041.0,26.0,,,5047,1,5048.0,25.0,,,5046.0,0.0,2
2367,0,118300,STARFRUIT,5040,23,,,,,5041,1,5047.0,23.0,,,5040.5,0.0,1
2369,0,118400,STARFRUIT,5040,28,,,,,5047,28,,,,,5043.5,0.0,7
2370,0,118500,STARFRUIT,5041,1,5040.0,28.0,,,5047,28,,,,,5044.0,0.0,6
2372,0,118600,STARFRUIT,5041,2,5040.0,28.0,,,5045,7,5047.0,30.0,,,5043.0,0.0,4
2375,0,118700,STARFRUIT,5041,2,5040.0,27.0,,,5047,29,,,,,5044.0,0.0,6
2376,0,118800,STARFRUIT,5041,24,,,,,5048,24,,,,,5044.5,0.0,7
2378,0,118900,STARFRUIT,5041,28,,,,,5048,28,,,,,5044.5,0.0,7
2380,0,119000,STARFRUIT,5042,27,,,,,5048,1,5049.0,26.0,,,5045.0,0.0,6
2383,0,119100,STARFRUIT,5041,25,,,,,5048,25,,,,,5044.5,0.0,7
2384,0,119200,STARFRUIT,5042,1,5041.0,28.0,,,5048,29,,,,,5045.0,0.0,6
2386,0,119300,STARFRUIT,5041,23,,,,,5046,5,5048.0,23.0,,,5043.5,0.0,5
2388,0,119400,STARFRUIT,5042,2,5041.0,25.0,,,5048,2,5049.0,25.0,,,5045.0,0.0,6
2391,0,119500,STARFRUIT,5043,5,5042.0,27.0,,,5049,27,,,,,5046.0,0.0,6
2392,0,119600,STARFRUIT,5041,25,,,,,5048,25,,,,,5044.5,0.0,7
2394,0,119700,STARFRUIT,5042,25,,,,,5048,2,5049.0,23.0,,,5045.0,0.0,6
2396,0,119800,STARFRUIT,5043,7,5042.0,26.0,,,5049,26,,,,,5046.0,0.0,6
2399,0,119900,STARFRUIT,5043,2,5042.0,23.0,,,5047,3,5049.0,25.0,,,5045.0,0.0,4
2400,0,120000,STARFRUIT,5043,8,5042.0,28.0,,,5048,1,5049.0,27.0,,,5045.5,0.0,5
2402,0,120100,STARFRUIT,5047,6,5042.0,22.0,,,5048,2,5049.0,20.0,,,5047.5,0.0,1
2404,0,120200,STARFRUIT,5042,22,,,,,5047,3,5049.0,23.0,,,5044.5,0.0,5
2407,0,120300,STARFRUIT,5042,28,,,,,5049,28,,,,,5045.5,0.0,7
2408,0,120400,STARFRUIT,5043,28,,,,,5050,28,,,,,5046.5,0.0,7
2410,0,120500,STARFRUIT,5044,29,,,,,5049,8,5051.0,29.0,,,5046.5,0.0,5
2412,0,120600,STARFRUIT,5044,27,,,,,5051,27,,,,,5047.5,0.0,7
2415,0,120700,STARFRUIT,5044,1,5043.0,20.0,,,5050,21,,,,,5047.0,0.0,6
2416,0,120800,STARFRUIT,5048,2,5044.0,9.0,5043.0,26.0,5050,28,,,,,5049.0,0.0,2
2419,0,120900,STARFRUIT,5043,24,,,,,5044,9,5050.0,24.0,,,5043.5,0.0,1
2421,0,121000,STARFRUIT,5043,26,,,,,5050,26,,,,,5046.5,0.0,7
2423,0,121100,STARFRUIT,5043,21,,,,,5050,21,,,,,5046.5,0.0,7
2424,0,121200,STARFRUIT,5044,27,,,,,5051,27,,,,,5047.5,0.0,7
2427,0,121300,STARFRUIT,5044,27,,,,,5045,1,5051.0,27.0,,,5044.5,0.0,1
2429,0,121400,STARFRUIT,5044,20,,,,,5051,20,,,,,5047.5,0.0,7
2431,0,121500,STARFRUIT,5045,27,,,,,5052,27,,,,,5048.5,0.0,7
2432,0,121600,STARFRUIT,5050,1,5045.0,31.0,,,5052,31,,,,,5051.0,0.0,2
2435,0,121700,STARFRUIT,5050,1,5045.0,26.0,,,5051,1,5052.0,25.0,,,5050.5,0.0,1
2437,0,121800,STARFRUIT,5044,27,,,,,5051,27,,,,,5047.5,0.0,7
2439,0,121900,STARFRUIT,5045,22,,,,,5051,2,5052.0,20.0,,,5048.0,0.0,6
2440,0,122000,STARFRUIT,5045,31,,,,,5052,31,,,,,5048.5,0.0,7
2443,0,122100,STARFRUIT,5046,2,5045.0,23.0,,,5052,23,,,,,5049.0,0.0,6
2445,0,122200,STARFRUIT,5046,28,,,,,5053,28,,,,,5049.5,0.0,7
2447,0,122300,STARFRUIT,5047,5,5046.0,24.0,,,5053,24,,,,,5050.0,0.0,6
2448,0,122400,STARFRUIT,5047,22,,,,,5054,22,,,,,5050.5,0.0,7
2451,0,122500,STARFRUIT,5048,1,5047.0,23.0,,,5054,23,,,,,5051.0,0.0,6
2453,0,122600,STARFRUIT,5053,1,5048.0,24.0,,,5055,24,,,,,5054.0,0.0,2
2455,0,122700,STARFRUIT,5048,21,,,,,5053,8,5055.0,21.0,,,5050.5,0.0,5
2456,0,122800,STARFRUIT,5048,31,,,,,5055,32,,,,,5051.5,0.0,7
2459,0,122900,STARFRUIT,5048,23,,,,,5055,23,,,,,5051.5,0.0,7
2461,0,123000,STARFRUIT,5047,27,,,,,5054,27,,,,,5050.5,0.0,7
2462,0,123100,STARFRUIT,5050,3,5047.0,21.0,,,5054,21,,,,,5052.0,0.0,4
2465,0,123200,STARFRUIT,5048,2,5047.0,24.0,,,5052,3,5054.0,26.0,,,5050.0,0.0,4
2467,0,123300,STARFRUIT,5047,1,5046.0,20.0,,,5053,21,,,,,5050.0,0.0,6
2469,0,123400,STARFRUIT,5047,1,5046.0,23.0,,,5053,1,5054.0,23.0,,,5050.0,0.0,6
2470,0,123500,STARFRUIT,5047,7,5046.0,23.0,,,5053,23,,,,,5050.0,0.0,6
2473,0,123600,STARFRUIT,5046,30,,,,,5051,4,5053.0,30.0,,,5048.5,0.0,5
2475,0,123700,STARFRUIT,5046,28,,,,,5052,1,5053.0,27.0,,,5049.0,0.0,6
2477,0,123800,STARFRUIT,5046,31,,,,,5052,2,5053.0,29.0,,,5049.0,0.0,6
2478,0,123900,STARFRUIT,5045,27,,,,,5046,1,5052.0,27.0,,,5045.5,0.0,1
2481,0,124000,STARFRUIT,5045,25,,,,,5052,25,,,,,5048.5,0.0,7
2483,0,124100,STARFRUIT,5046,3,5045.0,28.0,,,5052,28,,,,,5049.0,0.0,6
2485,0,124200,STARFRUIT,5050,4,5045.0,32.0,,,5052,32,,,,,5051.0,0.0,2
2486,0,124300,STARFRUIT,5051,1,5046.0,23.0,,,5053,23,,,,,5052.0,0.0,2
2489,0,124400,STARFRUIT,5046,24,,,,,5053,24,,,,,5049.5,0.0,7
2491,0,124500,STARFRUIT,5046,23,,,,,5053,23,,,,,5049.5,0.0,7
2493,0,124600,STARFRUIT,5046,30,,,,,5053,30,,,,,5049.5,0.0,7
2494,0,124700,STARFRUIT,5047,2,5046.0,30.0,,,5051,2,5053.0,32.0,,,5049.0,0.0,4
2497,0,124800,STARFRUIT,5048,1,5047.0,28.0,,,5054,28,,,,,5051.0,0.0,6
2499,0,124900,STARFRUIT,5048,1,5047.0,22.0,,,5052,7,5054.0,23.0,,,5050.0,0.0,4
2501,0,125000,STARFRUIT,5048,27,,,,,5055,27,,,,,5051.5,0.0,7
2502,0,125100,STARFRUIT,5054,1,5049.0,26.0,,,5056,26,,,,,5055.0,0.0,2
2505,0,125200,STARFRUIT,5055,1,5050.0,2.0,5049.0,22.0,5056,24,,,,,5055.5,0.0,1
2507,0,125300,STARFRUIT,5050,25,,,,,5057,25,,,,,5053.5,0.0,7
2509,0,125400,STARFRUIT,5050,26,,,,,5057,26,,,,,5053.5,0.0,7
2510,0,125500,STARFRUIT,5050,26,,,,,5057,26,,,,,5053.5,0.0,7
2513,0,125600,STARFRUIT,5050,31,,,,,5057,31,,,,,5053.5,0.0,7
2515,0,125700,STARFRUIT,5050,26,,,,,5057,26,,,,,5053.5,0.0,7
2517,0,125800,STARFRUIT,5050,25,,,,,5055,8,5056.0,1.0,5057.0,24.0,5052.5,0.0,5
2518,0,125900,STARFRUIT,5052,2,5050.0,4.0,5049.0,22.0,5056,22,,,,,5054.0,0.0,4
2521,0,126000,STARFRUIT,5049,22,,,,,5056,22,,,,,5052.5,0.0,7
2523,0,126100,STARFRUIT,5049,1,5048.0,30.0,,,5054,7,5055.0,1.0,5056.0,30.0,5051.5,0.0,5
2525,0,126200,STARFRUIT,5049,28,,,,,5054,1,5056.0,29.0,,,5051.5,0.0,5
2526,0,126300,STARFRUIT,5050,23,,,,,5056,1,5057.0,22.0,,,5053.0,0.0,6
2529,0,126400,STARFRUIT,5050,31,,,,,5056,1,5057.0,30.0,,,5053.0,0.0,6
2531,0,126500,STARFRUIT,5050,4,5049.0,27.0,,,5056,27,,,,,5053.0,0.0,6
2533,0,126600,STARFRUIT,5050,30,,,,,5056,2,5057.0,29.0,,,5053.0,0.0,6
2534,0,126700,STARFRUIT,5049,23,,,,,5054,2,5056.0,23.0,,,5051.5,0.0,5
2537,0,126800,STARFRUIT,5049,25,,,,,5054,6,5056.0,25.0,,,5051.5,0.0,5
2539,0,126900,STARFRUIT,5048,21,,,,,5055,21,,,,,5051.5,0.0,7
2541,0,127000,STARFRUIT,5049,28,,,,,5056,28,,,,,5052.5,0.0,7
2542,0,127100,STARFRUIT,5049,28,,,,,5056,28,,,,,5052.5,0.0,7
2545,0,127200,STARFRUIT,5049,20,,,,,5054,4,5056.0,20.0,,,5051.5,0.0,5
2547,0,127300,STARFRUIT,5049,27,,,,,5056,27,,,,,5052.5,0.0,7
2549,0,127400,STARFRUIT,5049,1,5048.0,24.0,,,5055,25,,,,,5052.0,0.0,6
2550,0,127500,STARFRUIT,5049,2,5048.0,25.0,,,5055,2,5056.0,25.0,,,5052.0,0.0,6
2552,0,127600,STARFRUIT,5049,2,5048.0,24.0,,,5050,2,5055.0,26.0,,,5049.5,0.0,1
2555,0,127700,STARFRUIT,5048,25,,,,,5055,25,,,,,5051.5,0.0,7
2556,0,127800,STARFRUIT,5047,28,,,,,5050,5,5054.0,28.0,,,5048.5,0.0,3
2558,0,127900,STARFRUIT,5047,30,,,,,5052,4,5054.0,30.0,,,5049.5,0.0,5
2560,0,128000,STARFRUIT,5047,22,,,,,5054,22,,,,,5050.5,0.0,7
2563,0,128100,STARFRUIT,5047,25,,,,,5050,2,5054.0,25.0,,,5048.5,0.0,3
2564,0,128200,STARFRUIT,5047,32,,,,,5054,32,,,,,5050.5,0.0,7
2566,0,128300,STARFRUIT,5047,26,,,,,5054,26,,,,,5050.5,0.0,7
2568,0,128400,STARFRUIT,5049,8,5048.0,24.0,,,5054,1,5055.0,23.0,,,5051.5,0.0,5
2571,0,128500,STARFRUIT,5047,30,,,,,5052,7,5054.0,30.0,,,5049.5,0.0,5
2572,0,128600,STARFRUIT,5047,26,,,,,5052,3,5053.0,1.0,5054.0,25.0,5049.5,0.0,5
2574,0,128700,STARFRUIT,5047,23,,,,,5054,23,,,,,5050.5,0.0,7
2576,0,128800,STARFRUIT,5047,29,,,,,5054,29,,,,,5050.5,0.0,7
2579,0,128900,STARFRUIT,5047,29,,,,,5054,29,,,,,5050.5,0.0,7
2580,0,129000,STARFRUIT,5048,1,5047.0,32.0,,,5054,32,,,,,5051.0,0.0,6
2582,0,129100,STARFRUIT,5048,21,,,,,5055,21,,,,,5051.5,0.0,7
2584,0,129200,STARFRUIT,5048,25,,,,,5049,1,5055.0,25.0,,,5048.5,0.0,1
2587,0,129300,STARFRUIT,5048,20,,,,,5055,20,,,,,5051.5,0.0,7
2588,0,129400,STARFRUIT,5049,20,,,,,5056,20,,,,,5052.5,0.0,7
2590,0,129500,STARFRUIT,5050,1,5049.0,29.0,,,5055,1,5056.0,28.0,,,5052.5,0.0,5
2592,0,129600,STARFRUIT,5049,1,5048.0,30.0,,,5055,31,,,,,5052.0,0.0,6
2595,0,129700,STARFRUIT,5049,2,5048.0,25.0,,,5051,2,5055.0,27.0,,,5050.0,0.0,2
2596,0,129800,STARFRUIT,5048,26,,,,,5055,26,,,,,5051.5,0.0,7
2599,0,129900,STARFRUIT,5049,21,,,,,5056,21,,,,,5052.5,0.0,7
2601,0,130000,STARFRUIT,5049,32,,,,,5056,32,,,,,5052.5,0.0,7
2603,0,130100,STARFRUIT,5055,1,5050.0,24.0,,,5056,2,5057.0,22.0,,,5055.5,0.0,1
2604,0,130200,STARFRUIT,5050,2,5049.0,24.0,,,5056,24,,,,,5053.0,0.0,6
2607,0,130300,STARFRUIT,5049,29,,,,,5056,29,,,,,5052.5,0.0,7
2609,0,130400,STARFRUIT,5052,2,5049.0,30.0,,,5056,30,,,,,5054.0,0.0,4
2611,0,130500,STARFRUIT,5049,25,,,,,5056,25,,,,,5052.5,0.0,7
2612,0,130600,STARFRUIT,5049,23,,,,,5056,23,,,,,5052.5,0.0,7
2615,0,130700,STARFRUIT,5050,3,5049.0,24.0,,,5056,24,,,,,5053.0,0.0,6
2617,0,130800,STARFRUIT,5049,27,,,,,5056,27,,,,,5052.5,0.0,7
2619,0,130900,STARFRUIT,5049,24,,,,,5056,25,,,,,5052.5,0.0,7
2620,0,131000,STARFRUIT,5049,24,,,,,5056,24,,,,,5052.5,0.0,7
2623,0,131100,STARFRUIT,5050,29,,,,,5051,4,5056.0,2.0,5057.0,27.0,5050.5,0.0,1
2625,0,131200,STARFRUIT,5049,21,,,,,5056,22,,,,,5052.5,0.0,7
2627,0,131300,STARFRUIT,5051,1,5050.0,22.0,,,5057,22,,,,,5054.0,0.0,6
2628,0,131400,STARFRUIT,5049,23,,,,,5056,23,,,,,5052.5,0.0,7
2631,0,131500,STARFRUIT,5049,21,,,,,5056,21,,,,,5052.5,0.0,7
2633,0,131600,STARFRUIT,5053,6,5051.0,6.0,5050.0,30.0,5056,1,5057.0,29.0,,,5054.5,0.0,3
2635,0,131700,STARFRUIT,5050,23,,,,,5055,4,5057.0,23.0,,,5052.5,0.0,5
2636,0,131800,STARFRUIT,5050,28,,,,,5057,28,,,,,5053.5,0.0,7
2639,0,131900,STARFRUIT,5051,6,5050.0,25.0,,,5057,25,,,,,5054.0,0.0,6
2641,0,132000,STARFRUIT,5050,2,5049.0,22.0,,,5056,24,,,,,5053.0,0.0,6
2642,0,132100,STARFRUIT,5050,1,5049.0,21.0,,,5056,21,,,,,5053.0,0.0,6
2645,0,132200,STARFRUIT,5050,1,5049.0,26.0,,,5055,2,5056.0,24.0,,,5052.5,0.0,5
2647,0,132300,STARFRUIT,5053,3,5049.0,25.0,,,5056,25,,,,,5054.5,0.0,3
2649,0,132400,STARFRUIT,5049,23,,,,,5054,1,5056.0,23.0,,,5051.5,0.0,5
2650,0,132500,STARFRUIT,5055,1,5050.0,24.0,,,5057,24,,,,,5056.0,0.0,2
2653,0,132600,STARFRUIT,5050,24,,,,,5057,24,,,,,5053.5,0.0,7
2655,0,132700,STARFRUIT,5050,31,,,,,5057,31,,,,,5053.5,0.0,7
2657,0,132800,STARFRUIT,5051,5,5050.0,30.0,,,5057,30,,,,,5054.0,0.0,6
2658,0,132900,STARFRUIT,5050,21,,,,,5055,1,5057.0,21.0,,,5052.5,0.0,5
2661,0,133000,STARFRUIT,5050,32,,,,,5057,32,,,,,5053.5,0.0,7
2663,0,133100,STARFRUIT,5051,1,5050.0,29.0,,,5057,30,,,,,5054.0,0.0,6
2665,0,133200,STARFRUIT,5056,1,5051.0,30.0,,,5058,30,,,,,5057.0,0.0,2
2666,0,133300,STARFRUIT,5056,1,5051.0,29.0,,,5058,29,,,,,5057.0,0.0,2
2669,0,133400,STARFRUIT,5054,5,5051.0,23.0,,,5058,23,,,,,5056.0,0.0,4
2671,0,133500,STARFRUIT,5051,22,,,,,5058,22,,,,,5054.5,0.0,7
2673,0,133600,STARFRUIT,5051,22,,,,,5052,1,5058.0,22.0,,,5051.5,0.0,1
2674,0,133700,STARFRUIT,5051,26,,,,,5058,26,,,,,5054.5,0.0,7
2677,0,133800,STARFRUIT,5050,28,,,,,5057,28,,,,,5053.5,0.0,7
2679,0,133900,STARFRUIT,5050,20,,,,,5056,5,5058.0,20.0,,,5053.0,0.0,6
2681,0,134000,STARFRUIT,5050,30,,,,,5057,31,,,,,5053.5,0.0,7
2682,0,134100,STARFRUIT,5051,25,,,,,5058,25,,,,,5054.5,0.0,7
2685,0,134200,STARFRUIT,5050,23,,,,,5057,23,,,,,5053.5,0.0,7
2687,0,134300,STARFRUIT,5050,21,,,,,5057,21,,,,,5053.5,0.0,7
2689,0,134400,STARFRUIT,5051,4,5050.0,24.0,,,5057,1,5058.0,24.0,,,5054.0,0.0,6
2690,0,134500,STARFRUIT,5056,1,5051.0,2.0,5050.0,25.0,5057,25,,,,,5056.5,0.0,1
2693,0,134600,STARFRUIT,5052,1,5051.0,20.0,,,5058,21,,,,,5055.0,0.0,6
2695,0,134700,STARFRUIT,5051,23,,,,,5058,23,,,,,5054.5,0.0,7
2697,0,134800,STARFRUIT,5052,26,,,,,5059,26,,,,,5055.5,0.0,7
2698,0,134900,STARFRUIT,5052,23,,,,,5057,2,5059.0,23.0,,,5054.5,0.0,5
2701,0,135000,STARFRUIT,5052,24,,,,,5059,24,,,,,5055.5,0.0,7
2703,0,135100,STARFRUIT,5052,26,,,,,5057,7,5059.0,26.0,,,5054.5,0.0,5
2705,0,135200,STARFRUIT,5052,31,,,,,5059,31,,,,,5055.5,0.0,7
2706,0,135300,STARFRUIT,5053,2,5052.0,28.0,,,5059,30,,,,,5056.0,0.0,6
2709,0,135400,STARFRUIT,5053,1,5052.0,27.0,,,5057,1,5059.0,28.0,,,5055.0,0.0,4
2711,0,135500,STARFRUIT,5052,29,,,,,5059,29,,,,,5055.5,0.0,7
2713,0,135600,STARFRUIT,5052,24,,,,,5059,24,,,,,5055.5,0.0,7
2714,0,135700,STARFRUIT,5054,5,5053.0,24.0,,,5060,24,,,,,5057.0,0.0,6
2717,0,135800,STARFRUIT,5053,2,5052.0,21.0,,,5057,2,5059.0,23.0,,,5055.0,0.0,4
2719,0,135900,STARFRUIT,5053,24,,,,,5060,24,,,,,5056.5,0.0,7
2721,0,136000,STARFRUIT,5054,2,5053.0,21.0,,,5060,23,,,,,5057.0,0.0,6
2722,0,136100,STARFRUIT,5054,28,,,,,5059,6,5061.0,29.0,,,5056.5,0.0,5
2725,0,136200,STARFRUIT,5055,1,5054.0,21.0,,,5061,21,,,,,5058.0,0.0,6
2727,0,136300,STARFRUIT,5054,1,5053.0,20.0,,,5060,1,5061.0,20.0,,,5057.0,0.0,6
2728,0,136400,STARFRUIT,5059,1,5053.0,28.0,,,5060,28,,,,,5059.5,0.0,1
2730,0,136500,STARFRUIT,5053,27,,,,,5060,28,,,,,5056.5,0.0,7
2732,0,136600,STARFRUIT,5053,27,,,,,5060,27,,,,,5056.5,0.0,7
2735,0,136700,STARFRUIT,5053,30,,,,,5059,1,5060.0,29.0,,,5056.0,0.0,6
2736,0,136800,STARFRUIT,5052,25,,,,,5059,25,,,,,5055.5,0.0,7
2738,0,136900,STARFRUIT,5052,20,,,,,5059,20,,,,,5055.5,0.0,7
2740,0,137000,STARFRUIT,5052,24,,,,,5059,24,,,,,5055.5,0.0,7
2743,0,137100,STARFRUIT,5053,1,5052.0,25.0,,,5059,2,5060.0,25.0,,,5056.0,0.0,6
2744,0,137200,STARFRUIT,5052,22,,,,,5054,5,5059.0,22.0,,,5053.0,0.0,2
2746,0,137300,STARFRUIT,5053,1,5052.0,27.0,,,5059,28,,,,,5056.0,0.0,6
2748,0,137400,STARFRUIT,5052,22,,,,,5057,5,5059.0,22.0,,,5054.5,0.0,5
2751,0,137500,STARFRUIT,5053,23,,,,,5058,4,5059.0,1.0,5060.0,22.0,5055.5,0.0,5
2752,0,137600,STARFRUIT,5053,3,5052.0,26.0,,,5059,26,,,,,5056.0,0.0,6
2754,0,137700,STARFRUIT,5053,5,5052.0,22.0,,,5059,2,5060.0,22.0,,,5056.0,0.0,6
2756,0,137800,STARFRUIT,5052,25,,,,,5058,2,5059.0,23.0,,,5055.0,0.0,6
2759,0,137900,STARFRUIT,5053,6,5052.0,26.0,,,5059,26,,,,,5056.0,0.0,6
2760,0,138000,STARFRUIT,5052,22,,,,,5059,22,,,,,5055.5,0.0,7
2762,0,138100,STARFRUIT,5053,7,5052.0,20.0,,,5059,2,5060.0,20.0,,,5056.0,0.0,6
2764,0,138200,STARFRUIT,5058,1,5053.0,1.0,5052.0,22.0,5059,1,5060.0,22.0,,,5058.5,0.0,1
2767,0,138300,STARFRUIT,5053,22,,,,,5060,23,,,,,5056.5,0.0,7
2768,0,138400,STARFRUIT,5053,30,,,,,5060,30,,,,,5056.5,0.0,7
2770,0,138500,STARFRUIT,5053,29,,,,,5060,29,,,,,5056.5,0.0,7
2772,0,138600,STARFRUIT,5052,25,,,,,5059,26,,,,,5055.5,0.0,7
2775,0,138700,STARFRUIT,5057,1,5052.0,28.0,,,5059,28,,,,,5058.0,0.0,2
2776,0,138800,STARFRUIT,5052,21,,,,,5060,21,,,,,5056.0,0.0,8
2779,0,138900,STARFRUIT,5053,6,5052.0,25.0,,,5059,26,,,,,5056.0,0.0,6
2781,0,139000,STARFRUIT,5053,31,,,,,5059,1,5060.0,30.0,,,5056.0,0.0,6
2783,0,139100,STARFRUIT,5056,6,5053.0,30.0,,,5060,30,,,,,5058.0,0.0,4
2784,0,139200,STARFRUIT,5053,22,,,,,5060,22,,,,,5056.5,0.0,7
2787,0,139300,STARFRUIT,5059,1,5053.0,28.0,,,5060,28,,,,,5059.5,0.0,1
2789,0,139400,STARFRUIT,5059,1,5054.0,1.0,5053.0,21.0,5060,22,,,,,5059.5,0.0,1
2791,0,139500,STARFRUIT,5054,1,5053.0,22.0,,,5060,23,,,,,5057.0,0.0,6
2792,0,139600,STARFRUIT,5053,26,,,,,5060,26,,,,,5056.5,0.0,7
2795,0,139700,STARFRUIT,5053,30,,,,,5060,30,,,,,5056.5,0.0,7
2797,0,139800,STARFRUIT,5053,2,5052.0,28.0,,,5059,2,5060.0,28.0,,,5056.0,0.0,6
2799,0,139900,STARFRUIT,5053,32,,,,,5060,32,,,,,5056.5,0.0,7
2800,0,140000,STARFRUIT,5054,1,5053.0,25.0,,,5060,25,,,,,5057.0,0.0,6
2803,0,140100,STARFRUIT,5054,1,5053.0,24.0,,,5060,1,5061.0,24.0,,,5057.0,0.0,6
2805,0,140200,STARFRUIT,5053,31,,,,,5058,1,5060.0,31.0,,,5055.5,0.0,5
2807,0,140300,STARFRUIT,5053,21,,,,,5060,21,,,,,5056.5,0.0,7
2808,0,140400,STARFRUIT,5053,21,,,,,5060,21,,,,,5056.5,0.0,7
2811,0,140500,STARFRUIT,5053,21,,,,,5058,3,5060.0,21.0,,,5055.5,0.0,5
2813,0,140600,STARFRUIT,5053,21,,,,,5059,2,5060.0,20.0,,,5056.0,0.0,6
2815,0,140700,STARFRUIT,5054,5,5053.0,1.0,5052.0,21.0,5059,1,5060.0,21.0,,,5056.5,0.0,5
2817,0,140800,STARFRUIT,5052,23,,,,,5059,23,,,,,5055.5,0.0,7
2819,0,140900,STARFRUIT,5052,23,,,,,5057,4,5058.0,1.0,5059.0,22.0,5054.5,0.0,5
2821,0,141000,STARFRUIT,5051,21,,,,,5058,21,,,,,5054.5,0.0,7
2822,0,141100,STARFRUIT,5051,28,,,,,5058,28,,,,,5054.5,0.0,7
2825,0,141200,STARFRUIT,5052,7,5051.0,22.0,,,5058,22,,,,,5055.0,0.0,6
2827,0,141300,STARFRUIT,5055,3,5052.0,21.0,,,5059,21,,,,,5057.0,0.0,4
2829,0,141400,STARFRUIT,5052,26,,,,,5059,26,,,,,5055.5,0.0,7
2830,0,141500,STARFRUIT,5052,25,,,,,5059,26,,,,,5055.5,0.0,7
2833,0,141600,STARFRUIT,5057,4,5052.0,24.0,,,5059,24,,,,,5058.0,0.0,2
2835,0,141700,STARFRUIT,5052,20,,,,,5059,20,,,,,5055.5,0.0,7
2837,0,141800,STARFRUIT,5052,21,,,,,5059,21,,,,,5055.5,0.0,7
2838,0,141900,STARFRUIT,5052,31,,,,,5059,31,,,,,5055.5,0.0,7
2841,0,142000,STARFRUIT,5053,29,,,,,5058,6,5060.0,29.0,,,5055.5,0.0,5
2843,0,142100,STARFRUIT,5059,1,5053.0,27.0,,,5060,27,,,,,5059.5,0.0,1
2845,0,142200,STARFRUIT,5054,20,,,,,5061,21,,,,,5057.5,0.0,7
2846,0,142300,STARFRUIT,5054,1,5053.0,24.0,,,5060,1,5061.0,24.0,,,5057.0,0.0,6
2849,0,142400,STARFRUIT,5054,23,,,,,5061,23,,,,,5057.5,0.0,7
2851,0,142500,STARFRUIT,5054,24,,,,,5061,24,,,,,5057.5,0.0,7
2853,0,142600,STARFRUIT,5059,1,5054.0,29.0,,,5061,29,,,,,5060.0,0.0,2
2854,0,142700,STARFRUIT,5054,2,5053.0,20.0,,,5060,22,,,,,5057.0,0.0,6
2857,0,142800,STARFRUIT,5053,29,,,,,5060,29,,,,,5056.5,0.0,7
2859,0,142900,STARFRUIT,5055,7,5054.0,32.0,,,5060,2,5061.0,30.0,,,5057.5,0.0,5
2861,0,143000,STARFRUIT,5055,29,,,,,5061,2,5062.0,27.0,,,5058.0,0.0,6
2862,0,143100,STARFRUIT,5054,27,,,,,5059,1,5061.0,27.0,,,5056.5,0.0,5
2865,0,143200,STARFRUIT,5054,24,,,,,5061,24,,,,,5057.5,0.0,7
2867,0,143300,STARFRUIT,5054,27,,,,,5061,27,,,,,5057.5,0.0,7
2869,0,143400,STARFRUIT,5054,27,,,,,5060,1,5061.0,26.0,,,5057.0,0.0,6
2870,0,143500,STARFRUIT,5054,2,5053.0,24.0,,,5060,26,,,,,5057.0,0.0,6
2873,0,143600,STARFRUIT,5053,1,5052.0,23.0,,,5054,3,5058.0,2.0,5059.0,1.0,5053.5,0.0,1
2875,0,143700,STARFRUIT,5052,25,,,,,5057,5,5059.0,25.0,,,5054.5,0.0,5
2877,0,143800,STARFRUIT,5053,5,5052.0,22.0,,,5059,22,,,,,5056.0,0.0,6
2878,0,143900,STARFRUIT,5055,4,5052.0,29.0,,,5058,2,5059.0,27.0,,,5056.5,0.0,3
2881,0,144000,STARFRUIT,5052,23,,,,,5059,23,,,,,5055.5,0.0,7
2883,0,144100,STARFRUIT,5057,1,5052.0,25.0,,,5058,2,5059.0,23.0,,,5057.5,0.0,1
2885,0,144200,STARFRUIT,5052,1,5051.0,23.0,,,5058,24,,,,,5055.0,0.0,6
2886,0,144300,STARFRUIT,5052,30,,,,,5057,3,5059.0,30.0,,,5054.5,0.0,5
2889,0,144400,STARFRUIT,5053,3,5052.0,28.0,,,5059,28,,,,,5056.0,0.0,6
2891,0,144500,STARFRUIT,5052,31,,,,,5059,31,,,,,5055.5,0.0,7
2893,0,144600,STARFRUIT,5053,7,5052.0,25.0,,,5058,2,5059.0,23.0,,,5055.5,0.0,5
2894,0,144700,STARFRUIT,5052,4,5051.0,29.0,,,5058,29,,,,,5055.0,0.0,6
2897,0,144800,STARFRUIT,5051,27,,,,,5058,27,,,,,5054.5,0.0,7
2899,0,144900,STARFRUIT,5051,23,,,,,5058,23,,,,,5054.5,0.0,7
2901,0,145000,STARFRUIT,5052,6,5051.0,23.0,,,5058,24,,,,,5055.0,0.0,6
2902,0,145100,STARFRUIT,5051,20,,,,,5058,20,,,,,5054.5,0.0,7
2905,0,145200,STARFRUIT,5052,29,,,,,5053,1,5059.0,29.0,,,5052.5,0.0,1
2907,0,145300,STARFRUIT,5053,6,5052.0,26.0,,,5059,26,,,,,5056.0,0.0,6
2908,0,145400,STARFRUIT,5052,1,5051.0,21.0,,,5058,22,,,,,5055.0,0.0,6
2910,0,145500,STARFRUIT,5051,24,,,,,5056,1,5057.0,2.0,5058.0,22.0,5053.5,0.0,5
2912,0,145600,STARFRUIT,5051,30,,,,,5056,7,5058.0,30.0,,,5053.5,0.0,5
2915,0,145700,STARFRUIT,5050,24,,,,,5055,1,5057.0,24.0,,,5052.5,0.0,5
2916,0,145800,STARFRUIT,5050,21,,,,,5056,1,5058.0,21.0,,,5053.0,0.0,6
2918,0,145900,STARFRUIT,5052,6,5051.0,23.0,,,5058,23,,,,,5055.0,0.0,6
2920,0,146000,STARFRUIT,5052,6,5051.0,24.0,,,5057,2,5058.0,22.0,,,5054.5,0.0,5
2923,0,146100,STARFRUIT,5050,27,,,,,5057,27,,,,,5053.5,0.0,7
2924,0,146200,STARFRUIT,5050,24,,,,,5057,24,,,,,5053.5,0.0,7
2926,0,146300,STARFRUIT,5050,21,,,,,5057,21,,,,,5053.5,0.0,7
2928,0,146400,STARFRUIT,5051,31,,,,,5052,1,5058.0,31.0,,,5051.5,0.0,1
2931,0,146500,STARFRUIT,5051,2,5050.0,29.0,,,5057,2,5058.0,29.0,,,5054.0,0.0,6
2932,0,146600,STARFRUIT,5050,32,,,,,5057,32,,,,,5053.5,0.0,7
2934,0,146700,STARFRUIT,5050,31,,,,,5057,31,,,,,5053.5,0.0,7
2936,0,146800,STARFRUIT,5050,24,,,,,5057,24,,,,,5053.5,0.0,7
2939,0,146900,STARFRUIT,5051,1,5050.0,27.0,,,5057,28,,,,,5054.0,0.0,6
2940,0,147000,STARFRUIT,5056,1,5052.0,2.0,5051.0,28.0,5058,28,,,,,5057.0,0.0,2
2942,0,147100,STARFRUIT,5051,25,,,,,5058,25,,,,,5054.5,0.0,7
2944,0,147200,STARFRUIT,5057,1,5051.0,23.0,,,5058,23,,,,,5057.5,0.0,1
2947,0,147300,STARFRUIT,5051,29,,,,,5057,2,5058.0,27.0,,,5054.0,0.0,6
2948,0,147400,STARFRUIT,5051,22,,,,,5056,2,5058.0,23.0,,,5053.5,0.0,5
2950,0,147500,STARFRUIT,5051,24,,,,,5056,6,5058.0,24.0,,,5053.5,0.0,5
2953,0,147600,STARFRUIT,5051,29,,,,,5057,1,5058.0,28.0,,,5054.0,0.0,6
2955,0,147700,STARFRUIT,5051,26,,,,,5058,26,,,,,5054.5,0.0,7
2956,0,147800,STARFRUIT,5051,1,5050.0,29.0,,,5057,1,5058.0,29.0,,,5054.0,0.0,6
2959,0,147900,STARFRUIT,5050,27,,,,,5057,27,,,,,5053.5,0.0,7
2961,0,148000,STARFRUIT,5054,3,5050.0,6.0,5049.0,27.0,5057,27,,,,,5055.5,0.0,3
2963,0,148100,STARFRUIT,5050,24,,,,,5051,1,5057.0,24.0,,,5050.5,0.0,1
2964,0,148200,STARFRUIT,5056,1,5051.0,27.0,,,5058,27,,,,,5057.0,0.0,2
2967,0,148300,STARFRUIT,5057,1,5051.0,21.0,,,5058,21,,,,,5057.5,0.0,1
2969,0,148400,STARFRUIT,5055,5,5050.0,21.0,,,5057,21,,,,,5056.0,0.0,2
2971,0,148500,STARFRUIT,5051,8,5050.0,24.0,,,5057,25,,,,,5054.0,0.0,6
2972,0,148600,STARFRUIT,5050,24,,,,,5057,24,,,,,5053.5,0.0,7
